
@ARTICLE{McCoy2023-dg,
  title    = "Meiotic and mitotic aneuploidies drive arrest of in vitro
              fertilized human preimplantation embryos",
  author   = "McCoy, Rajiv C and Summers, Michael C and McCollin, Abeo and
              Ottolini, Christian S and Ahuja, Kamal and Handyside, Alan H",
  journal  = "Genome medicine",
  volume   =  15,
  number   =  1,
  pages    = "77",
  month    =  oct,
  year     =  2023,
  language = "en",
  issn     = "1756-994X",
  pmid     = "37779206",
  doi      = "10.1186/s13073-023-01231-1",
  pmc      = "PMC10544495"
}


@ARTICLE{Wilcox1995-hs,
  title    = "Timing of sexual intercourse in relation to ovulation. Effects on
              the probability of conception, survival of the pregnancy, and sex
              of the baby",
  author   = "Wilcox, A J and Weinberg, C R and Baird, D D",
  journal  = "The New England journal of medicine",
  volume   =  333,
  number   =  23,
  pages    = "1517--1521",
  month    =  dec,
  year     =  1995,
  language = "en",
  issn     = "0028-4793",
  pmid     = "7477165",
  doi      = "10.1056/NEJM199512073332301"
}

@ARTICLE{Wilcox1998-bf,
  title    = "Post-ovulatory ageing of the human oocyte and embryo failure",
  author   = "Wilcox, A J and Weinberg, C R and Baird, D D",
  journal  = "Human reproduction",
  volume   =  13,
  number   =  2,
  pages    = "394--397",
  month    =  feb,
  year     =  1998,
  language = "en",
  issn     = "0268-1161",
  pmid     = "9557845",
  doi      = "10.1093/humrep/13.2.394"
}

@ARTICLE{Wilcox2000-ja,
  title    = "The timing of the ``fertile window'' in the menstrual cycle: day
              specific estimates from a prospective study",
  author   = "Wilcox, A J and Dunson, D and Baird, D D",
  journal  = "BMJ",
  volume   =  321,
  number   =  7271,
  pages    = "1259--1262",
  month    =  nov,
  year     =  2000,
  language = "en",
  issn     = "0959-8138",
  pmid     = "11082086",
  doi      = "10.1136/bmj.321.7271.1259",
  pmc      = "PMC27529"
}


@ARTICLE{Currie2022-wp,
  title    = "The first mitotic division of human embryos is highly error prone",
  author   = "Currie, Cerys E and Ford, Emma and Benham Whyte, Lucy and Taylor,
              Deborah M and Mihalas, Bettina P and Erent, Muriel and Marston,
              Adele L and Hartshorne, Geraldine M and McAinsh, Andrew D",
  journal  = "Nature communications",
  volume   =  13,
  number   =  1,
  pages    = "6755",
  month    =  nov,
  year     =  2022,
  language = "en",
  issn     = "2041-1723",
  pmid     = "36347869",
  doi      = "10.1038/s41467-022-34294-6",
  pmc      = "PMC9643329"
}


@ARTICLE{Gu2021-tk,
  title    = "Chromosomal Aneuploidy Associated With Clinical Characteristics
              of Pregnancy Loss",
  author   = "Gu, Chongjuan and Li, Kuanrong and Li, Ru and Li, Ling and Li,
              Xiaojun and Dai, Xinyu and He, Yaojuan",
  journal  = "Frontiers in genetics",
  volume   =  12,
  pages    = "667697",
  month    =  apr,
  year     =  2021,
  language = "en",
  issn     = "1664-8021",
  pmid     = "33936179",
  doi      = "10.3389/fgene.2021.667697",
  pmc      = "PMC8083898"
}

@ARTICLE{Kolte2021-hi,
  title    = "Chance of live birth: a nationwide, registry-based cohort study",
  author   = "Kolte, Astrid M and Westergaard, David and Lidegaard, {\O}jvind
              and Brunak, S{\o}ren and Nielsen, Henriette Svarre",
  journal  = "Human reproduction",
  volume   =  36,
  number   =  4,
  pages    = "1065--1073",
  month    =  mar,
  year     =  2021,
  language = "en",
  issn     = "0268-1161, 1460-2350",
  pmid     = "33394013",
  doi      = "10.1093/humrep/deaa326"
}


@ARTICLE{Brosens2022-ve,
  title    = "Maternal selection of human embryos in early gestation: Insights
              from recurrent miscarriage",
  author   = "Brosens, Jan J and Bennett, Phillip R and Abrahams, Vikki M and
              Ramhorst, Rosanna and Coomarasamy, Arri and Quenby, Siobhan and
              Lucas, Emma S and McCoy, Rajiv C",
  journal  = "Seminars in cell \& developmental biology",
  volume   =  131,
  pages    = "14--24",
  month    =  nov,
  year     =  2022,
  language = "en",
  issn     = "1084-9521, 1096-3634",
  pmid     = "35094946",
  doi      = "10.1016/j.semcdb.2022.01.007",
  pmc      = "PMC9325922"
}


@ARTICLE{Macklon2002-zn,
  title    = "Conception to ongoing pregnancy: the 'black box' of early
              pregnancy loss",
  author   = "Macklon, N S and Geraedts, J P M and Fauser, B C J M",
  journal  = "Human reproduction update",
  volume   =  8,
  number   =  4,
  pages    = "333--343",
  year     =  2002,
  language = "en",
  issn     = "1355-4786",
  pmid     = "12206468",
  doi      = "10.1093/humupd/8.4.333"
}



@ARTICLE{Wartosch2021-sv,
  title    = "Origins and mechanisms leading to aneuploidy in human eggs",
  author   = "Wartosch, Lena and Schindler, Karen and Schuh, Melina and Gruhn,
              Jennifer R and Hoffmann, Eva R and McCoy, Rajiv C and Xing,
              Jinchuan",
  journal  = "Prenatal diagnosis",
  volume   =  41,
  number   =  5,
  pages    = "620--630",
  month    =  apr,
  year     =  2021,
  language = "en",
  issn     = "0197-3851, 1097-0223",
  pmid     = "33860956",
  doi      = "10.1002/pd.5927",
  pmc      = "PMC8237340"
}

@ARTICLE{Shaikh2017-sl,
  title    = "Copy Number Variation Disorders",
  author   = "Shaikh, Tamim H",
  journal  = "Current genetic medicine reports",
  volume   =  5,
  number   =  4,
  pages    = "183--190",
  month    =  dec,
  year     =  2017,
  language = "en",
  issn     = "2167-4876",
  pmid     = "29732242",
  doi      = "10.1007/s40142-017-0129-2",
  pmc      = "PMC5931734"
}

@ARTICLE{Firth2009-ec,
  title    = "{DECIPHER}: Database of Chromosomal Imbalance and Phenotype in
              Humans Using Ensembl Resources",
  author   = "Firth, Helen V and Richards, Shola M and Bevan, A Paul and
              Clayton, Stephen and Corpas, Manuel and Rajan, Diana and Van
              Vooren, Steven and Moreau, Yves and Pettett, Roger M and Carter,
              Nigel P",
  journal  = "American journal of human genetics",
  volume   =  84,
  number   =  4,
  pages    = "524--533",
  month    =  apr,
  year     =  2009,
  language = "en",
  issn     = "0002-9297, 1537-6605",
  pmid     = "19344873",
  doi      = "10.1016/j.ajhg.2009.03.010",
  pmc      = "PMC2667985"
}

@ARTICLE{Rowsey2014-xs,
  title    = "Examining variation in recombination levels in the human female:
              a test of the production-line hypothesis",
  author   = "Rowsey, Ross and Gruhn, Jennifer and Broman, Karl W and Hunt,
              Patricia A and Hassold, Terry",
  journal  = "American journal of human genetics",
  volume   =  95,
  number   =  1,
  pages    = "108--112",
  month    =  jul,
  year     =  2014,
  language = "en",
  issn     = "0002-9297, 1537-6605",
  pmid     = "24995869",
  doi      = "10.1016/j.ajhg.2014.06.008",
  pmc      = "PMC4085639"
}

@ARTICLE{Gruhn2016-ly,
  title    = "Correlations between Synaptic Initiation and Meiotic
              Recombination: A Study of Humans and Mice",
  author   = "Gruhn, Jennifer R and Al-Asmar, Nasser and Fasnacht, Rachael and
              Maylor-Hagen, Heather and Peinado, Vanessa and Rubio, Carmen and
              Broman, Karl W and Hunt, Patricia A and Hassold, Terry",
  journal  = "American journal of human genetics",
  volume   =  98,
  number   =  1,
  pages    = "102--115",
  month    =  jan,
  year     =  2016,
  language = "en",
  issn     = "0002-9297, 1537-6605",
  pmid     = "26749305",
  doi      = "10.1016/j.ajhg.2015.11.019",
  pmc      = "PMC4716685"
}

@ARTICLE{Vattathil2016-fh,
  title    = "Extensive Hidden Genomic Mosaicism Revealed in Normal Tissue",
  author   = "Vattathil, Selina and Scheet, Paul",
  journal  = "American journal of human genetics",
  volume   =  98,
  number   =  3,
  pages    = "571--578",
  month    =  mar,
  year     =  2016,
  language = "en",
  issn     = "0002-9297, 1537-6605",
  pmid     = "26942289",
  doi      = "10.1016/j.ajhg.2016.02.003",
  pmc      = "PMC4800050"
}

@ARTICLE{Visscher2017-ct,
  title    = "10 Years of {GWAS} Discovery: Biology, Function, and Translation",
  author   = "Visscher, Peter M and Wray, Naomi R and Zhang, Qian and Sklar,
              Pamela and McCarthy, Mark I and Brown, Matthew A and Yang, Jian",
  journal  = "American journal of human genetics",
  volume   =  101,
  number   =  1,
  pages    = "5--22",
  month    =  jul,
  year     =  2017,
  language = "en",
  issn     = "0002-9297, 1537-6605",
  pmid     = "28686856",
  doi      = "10.1016/j.ajhg.2017.06.005",
  pmc      = "PMC5501872"
}

@ARTICLE{Browning2018-de,
  title    = "A {One-Penny} Imputed Genome from {Next-Generation} Reference
              Panels",
  author   = "Browning, Brian L and Zhou, Ying and Browning, Sharon R",
  journal  = "American journal of human genetics",
  volume   =  103,
  number   =  3,
  pages    = "338--348",
  month    =  sep,
  year     =  2018,
  language = "en",
  issn     = "0002-9297, 1537-6605",
  pmid     = "30100085",
  doi      = "10.1016/j.ajhg.2018.07.015",
  pmc      = "PMC6128308"
}

@ARTICLE{Girardi2020-dj,
  title    = "Incidence, Origin, and Predictive Model for the Detection and
              Clinical Management of Segmental Aneuploidies in Human Embryos",
  author   = "Girardi, Laura and Serdarogullari, Munevver and Patassini,
              Cristina and Poli, Maurizio and Fabiani, Marco and Caroselli,
              Silvia and Coban, Onder and Findikli, Necati and Boynukalin,
              Fazilet Kubra and Bahceci, Mustafa and Chopra, Rupali and
              Canipari, Rita and Cimadomo, Danilo and Rienzi, Laura and Ubaldi,
              Filippo and Hoffmann, Eva and Rubio, Carmen and Simon, Carlos and
              Capalbo, Antonio",
  journal  = "American journal of human genetics",
  volume   =  106,
  number   =  4,
  pages    = "525--534",
  month    =  apr,
  year     =  2020,
  language = "en",
  issn     = "0002-9297, 1537-6605",
  pmid     = "32220293",
  doi      = "10.1016/j.ajhg.2020.03.005",
  pmc      = "PMC7118577"
}

@ARTICLE{Hassold2021-ur,
  title    = "Failure to recombine is a common feature of human oogenesis",
  author   = "Hassold, Terry and Maylor-Hagen, Heather and Wood, Anna and
              Gruhn, Jennifer and Hoffmann, Eva and Broman, Karl W and Hunt,
              Patricia",
  journal  = "American journal of human genetics",
  volume   =  108,
  number   =  1,
  pages    = "16--24",
  month    =  jan,
  year     =  2021,
  language = "en",
  issn     = "0002-9297, 1537-6605",
  pmid     = "33306948",
  doi      = "10.1016/j.ajhg.2020.11.010",
  pmc      = "PMC7820622"
}

@ARTICLE{Mathieson2021-kc,
  title    = "The omnigenic model and polygenic prediction of complex traits",
  author   = "Mathieson, Iain",
  journal  = "American journal of human genetics",
  volume   =  108,
  number   =  9,
  pages    = "1558--1563",
  month    =  sep,
  year     =  2021,
  language = "en",
  issn     = "0002-9297, 1537-6605",
  pmid     = "34331855",
  doi      = "10.1016/j.ajhg.2021.07.003",
  pmc      = "PMC8456163"
}

@ARTICLE{Capalbo2021-dp,
  title    = "Mosaic human preimplantation embryos and their developmental
              potential in a prospective, non-selection clinical trial",
  author   = "Capalbo, Antonio and Poli, Maurizio and Rienzi, Laura and
              Girardi, Laura and Patassini, Cristina and Fabiani, Marco and
              Cimadomo, Danilo and Benini, Francesca and Farcomeni, Alessio and
              Cuzzi, Juliana and Rubio, Carmen and Albani, Elena and Sacchi,
              Laura and Vaiarelli, Alberto and Figliuzzi, Matteo and Findikli,
              Necati and Coban, Onder and Boynukalin, Fazilet K and Vogel, Ivan
              and Hoffmann, Eva and Livi, Claudia and Levi-Setti, Paolo E and
              Ubaldi, Filippo M and Sim{\'o}n, Carlos",
  journal  = "American journal of human genetics",
  volume   =  108,
  number   =  12,
  pages    = "2238--2247",
  month    =  dec,
  year     =  2021,
  language = "en",
  issn     = "0002-9297, 1537-6605",
  pmid     = "34798051",
  doi      = "10.1016/j.ajhg.2021.11.002",
  pmc      = "PMC8715143"
}

@ARTICLE{Auwerx2022-fj,
  title    = "The individual and global impact of copy-number variants on
              complex human traits",
  author   = "Auwerx, Chiara and Lepamets, Maarja and Sadler, Marie C and
              Patxot, Marion and Stojanov, Milo{\v s} and Baud, David and
              M{\"a}gi, Reedik and {Estonian Biobank Research Team} and Porcu,
              Eleonora and Reymond, Alexandre and Kutalik, Zolt{\'a}n",
  journal  = "American journal of human genetics",
  volume   =  109,
  number   =  4,
  pages    = "647--668",
  month    =  apr,
  year     =  2022,
  language = "en",
  issn     = "0002-9297, 1537-6605",
  pmid     = "35240056",
  doi      = "10.1016/j.ajhg.2022.02.010",
  pmc      = "PMC9069145"
}

@ARTICLE{Capalbo2022-zq,
  title    = "On the reproductive capabilities of aneuploid human
              preimplantation embryos",
  author   = "Capalbo, Antonio and Poli, Maurizio and Jalas, Chaim and Forman,
              Eric J and Treff, Nathan R",
  journal  = "American journal of human genetics",
  volume   =  109,
  number   =  9,
  pages    = "1572--1581",
  month    =  sep,
  year     =  2022,
  language = "en",
  issn     = "0002-9297, 1537-6605",
  pmid     = "36055209",
  doi      = "10.1016/j.ajhg.2022.07.009",
  pmc      = "PMC9502046"
}

@ARTICLE{Koren2014-xp,
  title    = "Genetic variation in human {DNA} replication timing",
  author   = "Koren, Amnon and Handsaker, Robert E and Kamitaki, Nolan and
              Karli{\'c}, Rosa and Ghosh, Sulagna and Polak, Paz and Eggan,
              Kevin and McCarroll, Steven A",
  journal  = "Cell",
  volume   =  159,
  number   =  5,
  pages    = "1015--1026",
  month    =  nov,
  year     =  2014,
  language = "en",
  issn     = "0092-8674, 1097-4172",
  pmid     = "25416942",
  doi      = "10.1016/j.cell.2014.10.025",
  pmc      = "PMC4359889"
}

@ARTICLE{Wang2017-um,
  title    = "Inefficient Crossover Maturation Underlies Elevated Aneuploidy in
              Human Female Meiosis",
  author   = "Wang, Shunxin and Hassold, Terry and Hunt, Patricia and White,
              Martin A and Zickler, Denise and Kleckner, Nancy and Zhang,
              Liangran",
  journal  = "Cell",
  volume   =  168,
  number   =  6,
  pages    = "977--989.e17",
  month    =  mar,
  year     =  2017,
  language = "en",
  issn     = "0092-8674, 1097-4172",
  pmid     = "28262352",
  doi      = "10.1016/j.cell.2017.02.002",
  pmc      = "PMC5408880"
}

@ARTICLE{Boyle2017-vw,
  title    = "An Expanded View of Complex Traits: From Polygenic to Omnigenic",
  author   = "Boyle, Evan A and Li, Yang I and Pritchard, Jonathan K",
  journal  = "Cell",
  volume   =  169,
  number   =  7,
  pages    = "1177--1186",
  month    =  jun,
  year     =  2017,
  language = "en",
  issn     = "0092-8674, 1097-4172",
  pmid     = "28622505",
  doi      = "10.1016/j.cell.2017.05.038",
  pmc      = "PMC5536862"
}

@ARTICLE{Palmerola2022-sc,
  title    = "Replication stress impairs chromosome segregation and
              preimplantation development in human embryos",
  author   = "Palmerola, Katherine L and Amrane, Selma and De Los Angeles,
              Alejandro and Xu, Shuangyi and Wang, Ning and de Pinho, Joao and
              Zuccaro, Michael V and Taglialatela, Angelo and Massey, Dashiell
              J and Turocy, Jenna and Robles, Alex and Subbiah, Anisa and
              Prosser, Bob and Lobo, Rogerio and Ciccia, Alberto and Koren,
              Amnon and Baslan, Timour and Egli, Dieter",
  journal  = "Cell",
  volume   =  185,
  number   =  16,
  pages    = "2988--3007.e20",
  month    =  aug,
  year     =  2022,
  language = "en",
  issn     = "0092-8674, 1097-4172",
  pmid     = "35858625",
  doi      = "10.1016/j.cell.2022.06.028"
}

@ARTICLE{Domingo-Muelas2023-vs,
  title    = "Human embryo live imaging reveals nuclear {DNA} shedding during
              blastocyst expansion and biopsy",
  author   = "Domingo-Muelas, Ana and Skory, Robin M and Moverley, Adam A and
              Ardestani, Goli and Pomp, Oz and Rubio, Carmen and Tetlak, Piotr
              and Hernandez, Blake and Rhon-Calderon, Eric A and
              Navarro-S{\'a}nchez, Luis and Garc{\'\i}a-Pascual, Carmen M and
              Bissiere, Stephanie and Bartolomei, Marisa S and Sakkas, Denny
              and Sim{\'o}n, Carlos and Plachta, Nicolas",
  journal  = "Cell",
  month    =  jun,
  year     =  2023,
  language = "en",
  issn     = "0092-8674, 1097-4172",
  pmid     = "37413989",
  doi      = "10.1016/j.cell.2023.06.003"
}

@ARTICLE{Liu2023-tx,
  title   = "Modeling post-implantation stages of human development into early
             organogenesis with stem-cell-derived peri-gastruloids",
  author  = "Liu, Lizhong and Oura, Seiya and Markham, Zachary and Hamilton,
             James N and Skory, Robin M and Li, Leijie and Sakurai, Masahiro
             and Wang, Lei and Pinzon-Arteaga, Carlos A and Plachta, Nicolas
             and Hon, Gary C and Wu, Jun",
  journal = "Cell",
  month   =  jul,
  year    =  2023,
  issn    = "0092-8674",
  doi     = "10.1016/j.cell.2023.07.018"
}

@ARTICLE{Martin2015-yz,
  title    = "Copy number variants, aneuploidies, and human disease",
  author   = "Martin, Christa Lese and Kirkpatrick, Brianne E and Ledbetter,
              David H",
  journal  = "Clinics in perinatology",
  volume   =  42,
  number   =  2,
  pages    = "227--42, vii",
  month    =  jun,
  year     =  2015,
  language = "en",
  issn     = "0095-5108, 1557-9840",
  pmid     = "26042902",
  doi      = "10.1016/j.clp.2015.03.001",
  pmc      = "PMC4459515"
}

@ARTICLE{Morgan2021-gg,
  title    = "Evolution of crossover interference enables stable autopolyploidy
              by ensuring pairwise partner connections in Arabidopsis arenosa",
  author   = "Morgan, Chris and White, Martin A and Franklin, F Chris H and
              Zickler, Denise and Kleckner, Nancy and Bomblies, Kirsten",
  journal  = "Current biology: CB",
  volume   =  31,
  number   =  21,
  pages    = "4713--4726.e4",
  month    =  nov,
  year     =  2021,
  language = "en",
  issn     = "0960-9822, 1879-0445",
  pmid     = "34480856",
  doi      = "10.1016/j.cub.2021.08.028",
  pmc      = "PMC8585506"
}

@ARTICLE{Franasiak2014-ok,
  title    = "The nature of aneuploidy with increasing age of the female
              partner: a review of 15,169 consecutive trophectoderm biopsies
              evaluated with comprehensive chromosomal screening",
  author   = "Franasiak, Jason M and Forman, Eric J and Hong, Kathleen H and
              Werner, Marie D and Upham, Kathleen M and Treff, Nathan R and
              Scott, Jr, Richard T",
  journal  = "Fertility and sterility",
  volume   =  101,
  number   =  3,
  pages    = "656--663.e1",
  month    =  mar,
  year     =  2014,
  language = "en",
  issn     = "0015-0282, 1556-5653",
  pmid     = "24355045",
  doi      = "10.1016/j.fertnstert.2013.11.004"
}

@ARTICLE{Victor2019-fo,
  title    = "One hundred mosaic embryos transferred prospectively in a single
              clinic: exploring when and why they result in healthy pregnancies",
  author   = "Victor, Andrea R and Tyndall, Jack C and Brake, Alan J and
              Lepkowsky, Laura T and Murphy, Alex E and Griffin, Darren K and
              McCoy, Rajiv C and Barnes, Frank L and Zouves, Christo G and
              Viotti, Manuel",
  journal  = "Fertility and sterility",
  volume   =  111,
  number   =  2,
  pages    = "280--293",
  month    =  feb,
  year     =  2019,
  language = "en",
  issn     = "0015-0282, 1556-5653",
  pmid     = "30691630",
  doi      = "10.1016/j.fertnstert.2018.10.019"
}

@ARTICLE{Viotti2021-gl,
  title    = "Let the data do the talking: the need to consider mosaicism
              during embryo selection",
  author   = "Viotti, Manuel and McCoy, Rajiv C and Griffin, Darren K and
              Spinella, Francesca and Greco, Ermanno and Madjunkov, Mitko and
              Madjunkova, Svetlana and Librach, Clifford L and Victor, Andrea R
              and Barnes, Frank L and Zouves, Christo G",
  journal  = "Fertility and sterility",
  volume   =  116,
  number   =  5,
  pages    = "1212--1219",
  month    =  nov,
  year     =  2021,
  language = "en",
  issn     = "0015-0282, 1556-5653",
  pmid     = "34627598",
  doi      = "10.1016/j.fertnstert.2021.09.008",
  pmc      = "PMC8585724"
}

@ARTICLE{Silva2023-uz,
  title   = "Meiotic drive of noncentromeric loci in mammalian meiosis {II}
             eggs",
  author  = "Silva, Duilio Mza and Akera, Takashi",
  journal = "Current opinion in genetics \& development",
  volume  =  81,
  pages   = "102082",
  month   =  aug,
  year    =  2023,
  issn    = "0959-437X",
  doi     = "10.1016/j.gde.2023.102082"
}

@ARTICLE{Bhowmick2023-aj,
  title     = "Completing genome replication outside of {S} phase",
  author    = "Bhowmick, Rahul and Hickson, Ian D and Liu, Ying",
  journal   = "Molecular cell",
  publisher = "Elsevier",
  volume    =  0,
  number    =  0,
  month     =  sep,
  year      =  2023,
  language  = "en",
  issn      = "1097-2765",
  doi       = "10.1016/j.molcel.2023.08.023"
}

@ARTICLE{Kubicek2019-dg,
  title    = "Incidence and origin of meiotic whole and segmental chromosomal
              aneuploidies detected by karyomapping",
  author   = "Kubicek, David and Hornak, Miroslav and Horak, Jakub and
              Navratil, Rostislav and Tauwinklova, Gabriela and Rubes, Jiri and
              Vesela, Katerina",
  journal  = "Reproductive biomedicine online",
  volume   =  38,
  number   =  3,
  pages    = "330--339",
  month    =  mar,
  year     =  2019,
  language = "en",
  issn     = "1472-6483, 1472-6491",
  pmid     = "30639160",
  doi      = "10.1016/j.rbmo.2018.11.023"
}

@ARTICLE{Zeevi2019-ag,
  title   = "Haploseek: A new 24-hour all-in-one method for combined {PGT} of
             monogenic diseases ({PGT-M}) chromosomal rearrangements ({PGT-SR})
             and aneuploidy ({PGT-A})",
  author  = "Zeevi, David A and Backenroth, Daniel and Carmi, Shai and Zahdeh,
             Fouad and Kling, Yehuda and Perez, Aaron and Rosen, Tzvia and
             Levy-Lahad, Ephrat and Altarescu, Gheona",
  journal = "Reproductive biomedicine online",
  volume  =  38,
  pages   = "e13",
  month   =  apr,
  year    =  2019,
  issn    = "1472-6483",
  doi     = "10.1016/j.rbmo.2019.03.024"
}

@ARTICLE{Gregan2011-je,
  title    = "Merotelic kinetochore attachment: causes and effects",
  author   = "Gregan, Juraj and Polakova, Silvia and Zhang, Lijuan and
              Toli{\'c}-N{\o}rrelykke, Iva M and Cimini, Daniela",
  journal  = "Trends in cell biology",
  volume   =  21,
  number   =  6,
  pages    = "374--381",
  month    =  jun,
  year     =  2011,
  language = "en",
  issn     = "0962-8924, 1879-3088",
  pmid     = "21306900",
  doi      = "10.1016/j.tcb.2011.01.003",
  pmc      = "PMC3117139"
}

@ARTICLE{Webster2017-ki,
  title    = "Mechanisms of Aneuploidy in Human Eggs",
  author   = "Webster, Alexandre and Schuh, Melina",
  journal  = "Trends in cell biology",
  volume   =  27,
  number   =  1,
  pages    = "55--68",
  month    =  jan,
  year     =  2017,
  language = "en",
  issn     = "0962-8924, 1879-3088",
  pmid     = "27773484",
  doi      = "10.1016/j.tcb.2016.09.002"
}

@ARTICLE{Goldmann2019-en,
  title    = "De Novo Mutations Reflect Development and Aging of the Human
              Germline",
  author   = "Goldmann, J M and Veltman, J A and Gilissen, C",
  journal  = "Trends in genetics: TIG",
  volume   =  35,
  number   =  11,
  pages    = "828--839",
  month    =  nov,
  year     =  2019,
  language = "en",
  issn     = "0168-9525",
  pmid     = "31610893",
  doi      = "10.1016/j.tig.2019.08.005"
}

@ARTICLE{Picchetta2023-tb,
  title    = "Investigating the significance of segmental aneuploidy findings
              in preimplantation embryos",
  author   = "Picchetta, Ludovica and Ottolini, Christian S and O'Neill, Helen
              C and Capalbo, Antonio",
  journal  = "F\&S science",
  volume   =  4,
  number   = "2S",
  pages    = "17--26",
  month    =  may,
  year     =  2023,
  language = "en",
  issn     = "2666-335X",
  pmid     = "36948460",
  doi      = "10.1016/j.xfss.2023.03.004"
}

@ARTICLE{Wroten2023-ni,
  title     = "Sharing parental genomes by siblings concordant or discordant
               for autism",
  author    = "Wroten, Mathew and Yoon, Seungtai and Andrews, Peter and Yamrom,
               Boris and Ronemus, Michael and Buja, Andreas and Krieger, Abba M
               and Levy, Dan and Ye, Kenny and Wigler, Michael and Iossifov,
               Ivan",
  journal   = "Cell Genomics",
  publisher = "Elsevier",
  volume    =  3,
  number    =  6,
  month     =  jun,
  year      =  2023,
  language  = "en",
  issn      = "2666-979X",
  doi       = "10.1016/j.xgen.2023.100319"
}

@ARTICLE{Charlesworth1990-wl,
  title    = "Mutation-selection balance and the evolutionary advantage of sex
              and recombination",
  author   = "Charlesworth, B",
  journal  = "Genetical research",
  volume   =  55,
  number   =  3,
  pages    = "199--221",
  month    =  jun,
  year     =  1990,
  language = "en",
  issn     = "0016-6723",
  pmid     = "2394378",
  doi      = "10.1017/s0016672300025532"
}

@ARTICLE{Eaves1999-kc,
  title    = "Transmission ratio distortion at the {INS-IGF2} {VNTR}",
  author   = "Eaves, I A and Bennett, S T and Forster, P and Ferber, K M and
              Ehrmann, D and Wilson, A J and Bhattacharyya, S and Ziegler, A G
              and Brinkmann, B and Todd, J A",
  journal  = "Nature genetics",
  volume   =  22,
  number   =  4,
  pages    = "324--325",
  month    =  aug,
  year     =  1999,
  language = "en",
  issn     = "1061-4036",
  pmid     = "10431232",
  doi      = "10.1038/11890"
}

@ARTICLE{Hassold2001-xy,
  title    = "To err (meiotically) is human: the genesis of human aneuploidy",
  author   = "Hassold, T and Hunt, P",
  journal  = "Nature reviews. Genetics",
  volume   =  2,
  number   =  4,
  pages    = "280--291",
  month    =  apr,
  year     =  2001,
  language = "en",
  issn     = "1471-0056",
  pmid     = "11283700",
  doi      = "10.1038/35066065"
}

@ARTICLE{Holland2012-hv,
  title    = "Losing balance: the origin and impact of aneuploidy in cancer",
  author   = "Holland, Andrew J and Cleveland, Don W",
  journal  = "EMBO reports",
  volume   =  13,
  number   =  6,
  pages    = "501--514",
  month    =  jun,
  year     =  2012,
  language = "en",
  issn     = "1469-221X, 1469-3178",
  pmid     = "22565320",
  doi      = "10.1038/embor.2012.55",
  pmc      = "PMC3367240"
}

@ARTICLE{Zhang2014-op,
  title    = "Topoisomerase {II} mediates meiotic crossover interference",
  author   = "Zhang, Liangran and Wang, Shunxin and Yin, Shen and Hong, Soogil
              and Kim, Keun P and Kleckner, Nancy",
  journal  = "Nature",
  volume   =  511,
  number   =  7511,
  pages    = "551--556",
  month    =  jul,
  year     =  2014,
  language = "en",
  issn     = "0028-0836, 1476-4687",
  pmid     = "25043020",
  doi      = "10.1038/nature13442",
  pmc      = "PMC4128387"
}

@ARTICLE{Ju2017-rv,
  title    = "Somatic mutations reveal asymmetric cellular dynamics in the
              early human embryo",
  author   = "Ju, Young Seok and Martincorena, Inigo and Gerstung, Moritz and
              Petljak, Mia and Alexandrov, Ludmil B and Rahbari, Raheleh and
              Wedge, David C and Davies, Helen R and Ramakrishna, Manasa and
              Fullam, Anthony and Martin, Sancha and Alder, Christopher and
              Patel, Nikita and Gamble, Steve and O'Meara, Sarah and Giri,
              Dilip D and Sauer, Torril and Pinder, Sarah E and Purdie, Colin A
              and Borg, {\AA}ke and Stunnenberg, Henk and van de Vijver, Marc
              and Tan, Benita K T and Caldas, Carlos and Tutt, Andrew and Ueno,
              Naoto T and van 't Veer, Laura J and Martens, John W M and
              Sotiriou, Christos and Knappskog, Stian and Span, Paul N and
              Lakhani, Sunil R and Eyfj{\"o}rd, J{\'o}runn Erla and
              B{\o}rresen-Dale, Anne-Lise and Richardson, Andrea and Thompson,
              Alastair M and Viari, Alain and Hurles, Matthew E and Nik-Zainal,
              Serena and Campbell, Peter J and Stratton, Michael R",
  journal  = "Nature",
  volume   =  543,
  number   =  7647,
  pages    = "714--718",
  month    =  mar,
  year     =  2017,
  language = "en",
  issn     = "0028-0836, 1476-4687",
  pmid     = "28329761",
  doi      = "10.1038/nature21703",
  pmc      = "PMC6169740"
}

@ARTICLE{Bulik-Sullivan2015-dm,
  title    = "{LD} Score regression distinguishes confounding from polygenicity
              in genome-wide association studies",
  author   = "Bulik-Sullivan, Brendan K and Loh, Po-Ru and Finucane, Hilary K
              and Ripke, Stephan and Yang, Jian and {Schizophrenia Working
              Group of the Psychiatric Genomics Consortium} and Patterson, Nick
              and Daly, Mark J and Price, Alkes L and Neale, Benjamin M",
  journal  = "Nature genetics",
  volume   =  47,
  number   =  3,
  pages    = "291--295",
  month    =  mar,
  year     =  2015,
  language = "en",
  issn     = "1061-4036, 1546-1718",
  pmid     = "25642630",
  doi      = "10.1038/ng.3211",
  pmc      = "PMC4495769"
}

@ARTICLE{Ottolini2015-mv,
  title    = "Genome-wide maps of recombination and chromosome segregation in
              human oocytes and embryos show selection for maternal
              recombination rates",
  author   = "Ottolini, Christian S and Newnham, Louise and Capalbo, Antonio
              and Natesan, Senthilkumar A and Joshi, Hrishikesh A and Cimadomo,
              Danilo and Griffin, Darren K and Sage, Karen and Summers, Michael
              C and Thornhill, Alan R and Housworth, Elizabeth and Herbert,
              Alex D and Rienzi, Laura and Ubaldi, Filippo M and Handyside,
              Alan H and Hoffmann, Eva R",
  journal  = "Nature genetics",
  volume   =  47,
  number   =  7,
  pages    = "727--735",
  month    =  jul,
  year     =  2015,
  language = "en",
  issn     = "1061-4036, 1546-1718",
  pmid     = "25985139",
  doi      = "10.1038/ng.3306",
  pmc      = "PMC4770575"
}

@ARTICLE{Vermeesch2016-gv,
  title    = "Prenatal and pre-implantation genetic diagnosis",
  author   = "Vermeesch, Joris Robert and Voet, Thierry and Devriendt, Koenraad",
  journal  = "Nature reviews. Genetics",
  volume   =  17,
  number   =  10,
  pages    = "643--656",
  month    =  sep,
  year     =  2016,
  language = "en",
  issn     = "1471-0056, 1471-0064",
  pmid     = "27629932",
  doi      = "10.1038/nrg.2016.97"
}

@ARTICLE{Nagaoka2012-lx,
  title    = "Human aneuploidy: mechanisms and new insights into an age-old
              problem",
  author   = "Nagaoka, So I and Hassold, Terry J and Hunt, Patricia A",
  journal  = "Nature reviews. Genetics",
  volume   =  13,
  number   =  7,
  pages    = "493--504",
  month    =  jun,
  year     =  2012,
  language = "en",
  issn     = "1471-0056, 1471-0064",
  pmid     = "22705668",
  doi      = "10.1038/nrg3245",
  pmc      = "PMC3551553"
}

@ARTICLE{Kang2021-ky,
  title    = "Ribosomal proteins and human diseases: molecular mechanisms and
              targeted therapy",
  author   = "Kang, Jian and Brajanovski, Natalie and Chan, Keefe T and Xuan,
              Jiachen and Pearson, Richard B and Sanij, Elaine",
  journal  = "Signal transduction and targeted therapy",
  volume   =  6,
  number   =  1,
  pages    = "323",
  month    =  aug,
  year     =  2021,
  language = "en",
  issn     = "2059-3635",
  pmid     = "34462428",
  doi      = "10.1038/s41392-021-00728-8",
  pmc      = "PMC8405630"
}

@ARTICLE{Garrido-Martin2021-qa,
  title    = "Identification and analysis of splicing quantitative trait loci
              across multiple tissues in the human genome",
  author   = "Garrido-Mart{\'\i}n, Diego and Borsari, Beatrice and Calvo,
              Miquel and Reverter, Ferran and Guig{\'o}, Roderic",
  journal  = "Nature communications",
  volume   =  12,
  number   =  1,
  pages    = "727",
  month    =  feb,
  year     =  2021,
  language = "en",
  issn     = "2041-1723",
  pmid     = "33526779",
  doi      = "10.1038/s41467-020-20578-2",
  pmc      = "PMC7851174"
}

@ARTICLE{Ding2021-vf,
  title    = "The genetic architecture of {DNA} replication timing in human
              pluripotent stem cells",
  author   = "Ding, Qiliang and Edwards, Matthew M and Wang, Ning and Zhu,
              Xiang and Bracci, Alexa N and Hulke, Michelle L and Hu, Ya and
              Tong, Yao and Hsiao, Joyce and Charvet, Christine J and Ghosh,
              Sulagna and Handsaker, Robert E and Eggan, Kevin and Merkle,
              Florian T and Gerhardt, Jeannine and Egli, Dieter and Clark,
              Andrew G and Koren, Amnon",
  journal  = "Nature communications",
  volume   =  12,
  number   =  1,
  pages    = "6746",
  month    =  nov,
  year     =  2021,
  language = "en",
  issn     = "2041-1723",
  pmid     = "34799581",
  doi      = "10.1038/s41467-021-27115-9",
  pmc      = "PMC8604924"
}

@ARTICLE{Schiavoni2022-gd,
  title    = "Aneuploidy tolerance caused by {BRG1} loss allows chromosome
              gains and recovery of fitness",
  author   = "Schiavoni, Federica and Zuazua-Villar, Pedro and Roumeliotis,
              Theodoros I and Benstead-Hume, Graeme and Pardo, Mercedes and
              Pearl, Frances M G and Choudhary, Jyoti S and Downs, Jessica A",
  journal  = "Nature communications",
  volume   =  13,
  number   =  1,
  pages    = "1731",
  month    =  apr,
  year     =  2022,
  language = "en",
  issn     = "2041-1723",
  pmid     = "35365638",
  doi      = "10.1038/s41467-022-29420-3",
  pmc      = "PMC8975814"
}

@ARTICLE{Dukler2022-ks,
  title    = "Extreme purifying selection against point mutations in the human
              genome",
  author   = "Dukler, Noah and Mughal, Mehreen R and Ramani, Ritika and Huang,
              Yi-Fei and Siepel, Adam",
  journal  = "Nature communications",
  volume   =  13,
  number   =  1,
  pages    = "4312",
  month    =  jul,
  year     =  2022,
  language = "en",
  issn     = "2041-1723",
  pmid     = "35879308",
  doi      = "10.1038/s41467-022-31872-6",
  pmc      = "PMC9314448"
}

@ARTICLE{Nagirnaja2022-pz,
  title    = "Diverse monogenic subforms of human spermatogenic failure",
  author   = "Nagirnaja, Liina and Lopes, Alexandra M and Charng, Wu-Lin and
              Miller, Brian and Stakaitis, Rytis and Golubickaite, Ieva and
              Stendahl, Alexandra and Luan, Tianpengcheng and Friedrich,
              Corinna and Mahyari, Eisa and Fadial, Eloise and Kasak, Laura and
              Vigh-Conrad, Katinka and Oud, Manon S and Xavier, Miguel J and
              Cheers, Samuel R and James, Emma R and Guo, Jingtao and Jenkins,
              Timothy G and Riera-Escamilla, Antoni and Barros, Alberto and
              Carvalho, Filipa and Fernandes, Susana and Gon{\c c}alves,
              Jo{\~a}o and Gurnett, Christina A and J{\o}rgensen, Niels and
              Jezek, Davor and Jungheim, Emily S and Kliesch, Sabine and
              McLachlan, Robert I and Omurtag, Kenan R and Pilatz, Adrian and
              Sandlow, Jay I and Smith, James and Eisenberg, Michael L and
              Hotaling, James M and Jarvi, Keith A and Punab, Margus and
              Rajpert-De Meyts, Ewa and Carrell, Douglas T and Krausz, Csilla
              and Laan, Maris and O'Bryan, Moira K and Schlegel, Peter N and
              T{\"u}ttelmann, Frank and Veltman, Joris A and Almstrup, Kristian
              and Aston, Kenneth I and Conrad, Donald F",
  journal  = "Nature communications",
  volume   =  13,
  number   =  1,
  pages    = "7953",
  month    =  dec,
  year     =  2022,
  language = "en",
  issn     = "2041-1723",
  pmid     = "36572685",
  doi      = "10.1038/s41467-022-35661-z",
  pmc      = "PMC9792524"
}

@ARTICLE{Garribba2023-wg,
  title    = "Short-term molecular consequences of chromosome mis-segregation
              for genome stability",
  author   = "Garribba, Lorenza and De Feudis, Giuseppina and Martis, Valentino
              and Galli, Martina and Dumont, Marie and Eliezer, Yonatan and
              Wardenaar, Ren{\'e} and Ippolito, Marica Rosaria and Iyer, Divya
              Ramalingam and Tijhuis, Andr{\'e}a E and Spierings, Diana C J and
              Schubert, Michael and Taglietti, Silvia and Soriani, Chiara and
              Gemble, Simon and Basto, Renata and Rhind, Nick and Foijer,
              Floris and Ben-David, Uri and Fachinetti, Daniele and Doksani,
              Ylli and Santaguida, Stefano",
  journal  = "Nature communications",
  volume   =  14,
  number   =  1,
  pages    = "1353",
  month    =  mar,
  year     =  2023,
  language = "en",
  issn     = "2041-1723",
  pmid     = "36906648",
  doi      = "10.1038/s41467-023-37095-7",
  pmc      = "8933054"
}

@ARTICLE{Alfieri2023-vf,
  title    = "Cancer genomes tolerate deleterious coding mutations through
              somatic copy number amplifications of wild-type regions",
  author   = "Alfieri, Fabio and Caravagna, Giulio and Schaefer, Martin H",
  journal  = "Nature communications",
  volume   =  14,
  number   =  1,
  pages    = "3594",
  month    =  jun,
  year     =  2023,
  language = "en",
  issn     = "2041-1723",
  pmid     = "37328455",
  doi      = "10.1038/s41467-023-39313-8",
  pmc      = "PMC10276008"
}

@ARTICLE{Schulz2019-wf,
  title    = "Mechanisms regulating zygotic genome activation",
  author   = "Schulz, Katharine N and Harrison, Melissa M",
  journal  = "Nature reviews. Genetics",
  volume   =  20,
  number   =  4,
  pages    = "221--234",
  month    =  apr,
  year     =  2019,
  language = "en",
  issn     = "1471-0056, 1471-0064",
  pmid     = "30573849",
  doi      = "10.1038/s41576-018-0087-x",
  pmc      = "PMC6558659"
}

@ARTICLE{Huang2023-zg,
  title    = "Harnessing deep learning for population genetic inference",
  author   = "Huang, Xin and Rymbekova, Aigerim and Dolgova, Olga and Lao,
              Oscar and Kuhlwilm, Martin",
  journal  = "Nature reviews. Genetics",
  month    =  sep,
  year     =  2023,
  language = "en",
  issn     = "1471-0056, 1471-0064",
  pmid     = "37666948",
  doi      = "10.1038/s41576-023-00636-3",
  pmc      = "1448894"
}

@ARTICLE{Li2022-va,
  title    = "Effects of aneuploidy on cell behaviour and function",
  author   = "Li, Rong and Zhu, Jin",
  journal  = "Nature reviews. Molecular cell biology",
  volume   =  23,
  number   =  4,
  pages    = "250--265",
  month    =  apr,
  year     =  2022,
  language = "en",
  issn     = "1471-0072, 1471-0080",
  pmid     = "34987171",
  doi      = "10.1038/s41580-021-00436-9",
  pmc      = "2826709"
}

@ARTICLE{Loh2018-fs,
  title    = "Insights into clonal haematopoiesis from 8,342 mosaic chromosomal
              alterations",
  author   = "Loh, Po-Ru and Genovese, Giulio and Handsaker, Robert E and
              Finucane, Hilary K and Reshef, Yakir A and Palamara, Pier
              Francesco and Birmann, Brenda M and Talkowski, Michael E and
              Bakhoum, Samuel F and McCarroll, Steven A and Price, Alkes L",
  journal  = "Nature",
  volume   =  559,
  number   =  7714,
  pages    = "350--355",
  month    =  jul,
  year     =  2018,
  language = "en",
  issn     = "0028-0836, 1476-4687",
  pmid     = "29995854",
  doi      = "10.1038/s41586-018-0321-x",
  pmc      = "PMC6054542"
}

@ARTICLE{Bycroft2018-xi,
  title    = "The {UK} Biobank resource with deep phenotyping and genomic data",
  author   = "Bycroft, Clare and Freeman, Colin and Petkova, Desislava and
              Band, Gavin and Elliott, Lloyd T and Sharp, Kevin and Motyer,
              Allan and Vukcevic, Damjan and Delaneau, Olivier and O'Connell,
              Jared and Cortes, Adrian and Welsh, Samantha and Young, Alan and
              Effingham, Mark and McVean, Gil and Leslie, Stephen and Allen,
              Naomi and Donnelly, Peter and Marchini, Jonathan",
  journal  = "Nature",
  volume   =  562,
  number   =  7726,
  pages    = "203--209",
  month    =  oct,
  year     =  2018,
  language = "en",
  issn     = "0028-0836, 1476-4687",
  pmid     = "30305743",
  doi      = "10.1038/s41586-018-0579-z",
  pmc      = "PMC6786975"
}

@ARTICLE{Collins2020-bx,
  title    = "A structural variation reference for medical and population
              genetics",
  author   = "Collins, Ryan L and Brand, Harrison and Karczewski, Konrad J and
              Zhao, Xuefang and Alf{\"o}ldi, Jessica and Francioli, Laurent C
              and Khera, Amit V and Lowther, Chelsea and Gauthier, Laura D and
              Wang, Harold and Watts, Nicholas A and Solomonson, Matthew and
              O'Donnell-Luria, Anne and Baumann, Alexander and Munshi, Ruchi
              and Walker, Mark and Whelan, Christopher W and Huang, Yongqing
              and Brookings, Ted and Sharpe, Ted and Stone, Matthew R and
              Valkanas, Elise and Fu, Jack and Tiao, Grace and Laricchia,
              Kristen M and Ruano-Rubio, Valentin and Stevens, Christine and
              Gupta, Namrata and Cusick, Caroline and Margolin, Lauren and
              {Genome Aggregation Database Production Team} and {Genome
              Aggregation Database Consortium} and Taylor, Kent D and Lin,
              Henry J and Rich, Stephen S and Post, Wendy S and Chen, Yii-Der
              Ida and Rotter, Jerome I and Nusbaum, Chad and Philippakis,
              Anthony and Lander, Eric and Gabriel, Stacey and Neale, Benjamin
              M and Kathiresan, Sekar and Daly, Mark J and Banks, Eric and
              MacArthur, Daniel G and Talkowski, Michael E",
  journal  = "Nature",
  volume   =  581,
  number   =  7809,
  pages    = "444--451",
  month    =  may,
  year     =  2020,
  language = "en",
  issn     = "0028-0836, 1476-4687",
  pmid     = "32461652",
  doi      = "10.1038/s41586-020-2287-8",
  pmc      = "PMC7334194"
}

@ARTICLE{Karczewski2020-zk,
  title    = "The mutational constraint spectrum quantified from variation in
              141,456 humans",
  author   = "Karczewski, Konrad J and Francioli, Laurent C and Tiao, Grace and
              Cummings, Beryl B and Alf{\"o}ldi, Jessica and Wang, Qingbo and
              Collins, Ryan L and Laricchia, Kristen M and Ganna, Andrea and
              Birnbaum, Daniel P and Gauthier, Laura D and Brand, Harrison and
              Solomonson, Matthew and Watts, Nicholas A and Rhodes, Daniel and
              Singer-Berk, Moriel and England, Eleina M and Seaby, Eleanor G
              and Kosmicki, Jack A and Walters, Raymond K and Tashman,
              Katherine and Farjoun, Yossi and Banks, Eric and Poterba, Timothy
              and Wang, Arcturus and Seed, Cotton and Whiffin, Nicola and
              Chong, Jessica X and Samocha, Kaitlin E and Pierce-Hoffman, Emma
              and Zappala, Zachary and O'Donnell-Luria, Anne H and Minikel,
              Eric Vallabh and Weisburd, Ben and Lek, Monkol and Ware, James S
              and Vittal, Christopher and Armean, Irina M and Bergelson, Louis
              and Cibulskis, Kristian and Connolly, Kristen M and Covarrubias,
              Miguel and Donnelly, Stacey and Ferriera, Steven and Gabriel,
              Stacey and Gentry, Jeff and Gupta, Namrata and Jeandet, Thibault
              and Kaplan, Diane and Llanwarne, Christopher and Munshi, Ruchi
              and Novod, Sam and Petrillo, Nikelle and Roazen, David and
              Ruano-Rubio, Valentin and Saltzman, Andrea and Schleicher, Molly
              and Soto, Jose and Tibbetts, Kathleen and Tolonen, Charlotte and
              Wade, Gordon and Talkowski, Michael E and {Genome Aggregation
              Database Consortium} and Neale, Benjamin M and Daly, Mark J and
              MacArthur, Daniel G",
  journal  = "Nature",
  volume   =  581,
  number   =  7809,
  pages    = "434--443",
  month    =  may,
  year     =  2020,
  language = "en",
  issn     = "0028-0836, 1476-4687",
  pmid     = "32461654",
  doi      = "10.1038/s41586-020-2308-7",
  pmc      = "PMC7334197"
}

@ARTICLE{Bell2020-aj,
  title    = "Insights into variation in meiosis from 31,228 human sperm
              genomes",
  author   = "Bell, Avery Davis and Mello, Curtis J and Nemesh, James and
              Brumbaugh, Sara A and Wysoker, Alec and McCarroll, Steven A",
  journal  = "Nature",
  volume   =  583,
  number   =  7815,
  pages    = "259--264",
  month    =  jul,
  year     =  2020,
  language = "en",
  issn     = "0028-0836, 1476-4687",
  pmid     = "32494014",
  doi      = "10.1038/s41586-020-2347-0",
  pmc      = "PMC7351608"
}

@ARTICLE{Loh2020-nx,
  title    = "Monogenic and polygenic inheritance become instruments for clonal
              selection",
  author   = "Loh, Po-Ru and Genovese, Giulio and McCarroll, Steven A",
  journal  = "Nature",
  volume   =  584,
  number   =  7819,
  pages    = "136--141",
  month    =  aug,
  year     =  2020,
  language = "en",
  issn     = "0028-0836, 1476-4687",
  pmid     = "32581363",
  doi      = "10.1038/s41586-020-2430-6",
  pmc      = "PMC7415571"
}

@ARTICLE{Ruth2021-qo,
  title    = "Genetic insights into biological mechanisms governing human
              ovarian ageing",
  author   = "Ruth, Katherine S and Day, Felix R and Hussain, Jazib and
              Mart{\'\i}nez-Marchal, Ana and Aiken, Catherine E and Azad, Ajuna
              and Thompson, Deborah J and Knoblochova, Lucie and Abe, Hironori
              and Tarry-Adkins, Jane L and Gonzalez, Javier Martin and
              Fontanillas, Pierre and Claringbould, Annique and Bakker, Olivier
              B and Sulem, Patrick and Walters, Robin G and Terao, Chikashi and
              Turon, Sandra and Horikoshi, Momoko and Lin, Kuang and
              Onland-Moret, N Charlotte and Sankar, Aditya and Hertz, Emil
              Peter Thrane and Timshel, Pascal N and Shukla, Vallari and Borup,
              Rehannah and Olsen, Kristina W and Aguilera, Paula and
              Ferrer-Roda, M{\`o}nica and Huang, Yan and Stankovic, Stasa and
              Timmers, Paul R H J and Ahearn, Thomas U and Alizadeh, Behrooz Z
              and Naderi, Elnaz and Andrulis, Irene L and Arnold, Alice M and
              Aronson, Kristan J and Augustinsson, Annelie and Bandinelli,
              Stefania and Barbieri, Caterina M and Beaumont, Robin N and
              Becher, Heiko and Beckmann, Matthias W and Benonisdottir,
              Stefania and Bergmann, Sven and Bochud, Murielle and Boerwinkle,
              Eric and Bojesen, Stig E and Bolla, Manjeet K and Boomsma, Dorret
              I and Bowker, Nicholas and Brody, Jennifer A and Broer, Linda and
              Buring, Julie E and Campbell, Archie and Campbell, Harry and
              Castelao, Jose E and Catamo, Eulalia and Chanock, Stephen J and
              Chenevix-Trench, Georgia and Ciullo, Marina and Corre, Tanguy and
              Couch, Fergus J and Cox, Angela and Crisponi, Laura and Cross,
              Simon S and Cucca, Francesco and Czene, Kamila and Smith, George
              Davey and de Geus, Eco J C N and de Mutsert, Ren{\'e}e and De
              Vivo, Immaculata and Demerath, Ellen W and Dennis, Joe and
              Dunning, Alison M and Dwek, Miriam and Eriksson, Mikael and Esko,
              T{\~o}nu and Fasching, Peter A and Faul, Jessica D and Ferrucci,
              Luigi and Franceschini, Nora and Frayling, Timothy M and
              Gago-Dominguez, Manuela and Mezzavilla, Massimo and
              Garc{\'\i}a-Closas, Montserrat and Gieger, Christian and Giles,
              Graham G and Grallert, Harald and Gudbjartsson, Daniel F and
              Gudnason, Vilmundur and Gu{\'e}nel, Pascal and Haiman,
              Christopher A and H{\aa}kansson, Niclas and Hall, Per and
              Hayward, Caroline and He, Chunyan and He, Wei and Heiss, Gerardo
              and H{\o}ffding, Miya K and Hopper, John L and Hottenga, Jouke J
              and Hu, Frank and Hunter, David and Ikram, Mohammad A and
              Jackson, Rebecca D and Joaquim, Micaella D R and John, Esther M
              and Joshi, Peter K and Karasik, David and Kardia, Sharon L R and
              Kartsonaki, Christiana and Karlsson, Robert and Kitahara, Cari M
              and Kolcic, Ivana and Kooperberg, Charles and Kraft, Peter and
              Kurian, Allison W and Kutalik, Zoltan and La Bianca, Martina and
              LaChance, Genevieve and Langenberg, Claudia and Launer, Lenore J
              and Laven, Joop S E and Lawlor, Deborah A and Le Marchand, Loic
              and Li, Jingmei and Lindblom, Annika and Lindstrom, Sara and
              Lindstrom, Tricia and Linet, Martha and Liu, Yongmei and Liu,
              Simin and Luan, Jian'an and M{\"a}gi, Reedik and Magnusson,
              Patrik K E and Mangino, Massimo and Mannermaa, Arto and Marco,
              Brumat and Marten, Jonathan and Martin, Nicholas G and Mbarek,
              Hamdi and McKnight, Barbara and Medland, Sarah E and Meisinger,
              Christa and Meitinger, Thomas and Menni, Cristina and Metspalu,
              Andres and Milani, Lili and Milne, Roger L and Montgomery, Grant
              W and Mook-Kanamori, Dennis O and Mulas, Antonella and Mulligan,
              Anna M and Murray, Alison and Nalls, Mike A and Newman, Anne and
              Noordam, Raymond and Nutile, Teresa and Nyholt, Dale R and
              Olshan, Andrew F and Olsson, H{\aa}kan and Painter, Jodie N and
              Patel, Alpa V and Pedersen, Nancy L and Perjakova, Natalia and
              Peters, Annette and Peters, Ulrike and Pharoah, Paul D P and
              Polasek, Ozren and Porcu, Eleonora and Psaty, Bruce M and Rahman,
              Iffat and Rennert, Gad and Rennert, Hedy S and Ridker, Paul M and
              Ring, Susan M and Robino, Antonietta and Rose, Lynda M and
              Rosendaal, Frits R and Rossouw, Jacques and Rudan, Igor and
              Rueedi, Rico and Ruggiero, Daniela and Sala, Cinzia F and
              Saloustros, Emmanouil and Sandler, Dale P and Sanna, Serena and
              Sawyer, Elinor J and Sarnowski, Chlo{\'e} and Schlessinger, David
              and Schmidt, Marjanka K and Schoemaker, Minouk J and Schraut,
              Katharina E and Scott, Christopher and Shekari, Saleh and
              Shrikhande, Amruta and Smith, Albert V and Smith, Blair H and
              Smith, Jennifer A and Sorice, Rossella and Southey, Melissa C and
              Spector, Tim D and Spinelli, John J and Stampfer, Meir and
              St{\"o}ckl, Doris and van Meurs, Joyce B J and Strauch,
              Konstantin and Styrkarsdottir, Unnur and Swerdlow, Anthony J and
              Tanaka, Toshiko and Teras, Lauren R and Teumer, Alexander and
              {\TH}orsteinsdottir, Unnur and Timpson, Nicholas J and Toniolo,
              Daniela and Traglia, Michela and Troester, Melissa A and Truong,
              Th{\'e}r{\`e}se and Tyrrell, Jessica and Uitterlinden, Andr{\'e}
              G and Ulivi, Sheila and Vachon, Celine M and Vitart, Veronique
              and V{\"o}lker, Uwe and Vollenweider, Peter and V{\"o}lzke, Henry
              and Wang, Qin and Wareham, Nicholas J and Weinberg, Clarice R and
              Weir, David R and Wilcox, Amber N and van Dijk, Ko Willems and
              Willemsen, Gonneke and Wilson, James F and Wolffenbuttel, Bruce H
              R and Wolk, Alicja and Wood, Andrew R and Zhao, Wei and Zygmunt,
              Marek and {Biobank-based Integrative Omics Study (BIOS)
              Consortium} and {eQTLGen Consortium} and {Biobank Japan Project}
              and {China Kadoorie Biobank Collaborative Group} and {kConFab
              Investigators} and {LifeLines Cohort Study} and {InterAct
              consortium} and {23andMe Research Team} and Chen, Zhengming and
              Li, Liming and Franke, Lude and Burgess, Stephen and Deelen,
              Patrick and Pers, Tune H and Gr{\o}ndahl, Marie Louise and
              Andersen, Claus Yding and Pujol, Anna and Lopez-Contreras, Andres
              J and Daniel, Jeremy A and Stefansson, Kari and Chang-Claude,
              Jenny and van der Schouw, Yvonne T and Lunetta, Kathryn L and
              Chasman, Daniel I and Easton, Douglas F and Visser, Jenny A and
              Ozanne, Susan E and Namekawa, Satoshi H and Solc, Petr and
              Murabito, Joanne M and Ong, Ken K and Hoffmann, Eva R and Murray,
              Anna and Roig, Ignasi and Perry, John R B",
  journal  = "Nature",
  volume   =  596,
  number   =  7872,
  pages    = "393--397",
  month    =  aug,
  year     =  2021,
  language = "en",
  issn     = "0028-0836, 1476-4687",
  pmid     = "34349265",
  doi      = "10.1038/s41586-021-03779-7",
  pmc      = "PMC7611832"
}

@ARTICLE{Singh2022-gm,
  title    = "Rare coding variants in ten genes confer substantial risk for
              schizophrenia",
  author   = "Singh, Tarjinder and Poterba, Timothy and Curtis, David and Akil,
              Huda and Al Eissa, Mariam and Barchas, Jack D and Bass, Nicholas
              and Bigdeli, Tim B and Breen, Gerome and Bromet, Evelyn J and
              Buckley, Peter F and Bunney, William E and Bybjerg-Grauholm,
              Jonas and Byerley, William F and Chapman, Sin{\'e}ad B and Chen,
              Wei J and Churchhouse, Claire and Craddock, Nicholas and Cusick,
              Caroline M and DeLisi, Lynn and Dodge, Sheila and Escamilla,
              Michael A and Eskelinen, Saana and Fanous, Ayman H and Faraone,
              Stephen V and Fiorentino, Alessia and Francioli, Laurent and
              Gabriel, Stacey B and Gage, Diane and Gagliano Taliun, Sarah A
              and Ganna, Andrea and Genovese, Giulio and Glahn, David C and
              Grove, Jakob and Hall, Mei-Hua and H{\"a}m{\"a}l{\"a}inen, Eija
              and Heyne, Henrike O and Holi, Matti and Hougaard, David M and
              Howrigan, Daniel P and Huang, Hailiang and Hwu, Hai-Gwo and Kahn,
              Ren{\'e} S and Kang, Hyun Min and Karczewski, Konrad J and Kirov,
              George and Knowles, James A and Lee, Francis S and Lehrer,
              Douglas S and Lescai, Francesco and Malaspina, Dolores and
              Marder, Stephen R and McCarroll, Steven A and McIntosh, Andrew M
              and Medeiros, Helena and Milani, Lili and Morley, Christopher P
              and Morris, Derek W and Mortensen, Preben Bo and Myers, Richard M
              and Nordentoft, Merete and O'Brien, Niamh L and Olivares, Ana
              Maria and Ongur, Dost and Ouwehand, Willem H and Palmer, Duncan S
              and Paunio, Tiina and Quested, Digby and Rapaport, Mark H and
              Rees, Elliott and Rollins, Brandi and Satterstrom, F Kyle and
              Schatzberg, Alan and Scolnick, Edward and Scott, Laura J and
              Sharp, Sally I and Sklar, Pamela and Smoller, Jordan W and
              Sobell, Janet L and Solomonson, Matthew and Stahl, Eli A and
              Stevens, Christine R and Suvisaari, Jaana and Tiao, Grace and
              Watson, Stanley J and Watts, Nicholas A and Blackwood, Douglas H
              and B{\o}rglum, Anders D and Cohen, Bruce M and Corvin, Aiden P
              and Esko, T{\~o}nu and Freimer, Nelson B and Glatt, Stephen J and
              Hultman, Christina M and McQuillin, Andrew and Palotie, Aarno and
              Pato, Carlos N and Pato, Michele T and Pulver, Ann E and St
              Clair, David and Tsuang, Ming T and Vawter, Marquis P and
              Walters, James T and Werge, Thomas M and Ophoff, Roel A and
              Sullivan, Patrick F and Owen, Michael J and Boehnke, Michael and
              O'Donovan, Michael C and Neale, Benjamin M and Daly, Mark J",
  journal  = "Nature",
  volume   =  604,
  number   =  7906,
  pages    = "509--516",
  month    =  apr,
  year     =  2022,
  language = "en",
  issn     = "0028-0836, 1476-4687",
  pmid     = "35396579",
  doi      = "10.1038/s41586-022-04556-w",
  pmc      = "PMC9805802"
}

@ARTICLE{Kurki2023-pk,
  title    = "{FinnGen} provides genetic insights from a well-phenotyped
              isolated population",
  author   = "Kurki, Mitja I and Karjalainen, Juha and Palta, Priit and
              Sipil{\"a}, Timo P and Kristiansson, Kati and Donner, Kati M and
              Reeve, Mary P and Laivuori, Hannele and Aavikko, Mervi and
              Kaunisto, Mari A and Loukola, Anu and Lahtela, Elisa and
              Mattsson, Hannele and Laiho, P{\"a}ivi and Della Briotta Parolo,
              Pietro and Lehisto, Arto A and Kanai, Masahiro and Mars, Nina and
              R{\"a}m{\"o}, Joel and Kiiskinen, Tuomo and Heyne, Henrike O and
              Veerapen, Kumar and R{\"u}eger, Sina and Lemmel{\"a}, Susanna and
              Zhou, Wei and Ruotsalainen, Sanni and P{\"a}rn, Kalle and
              Hiekkalinna, Tero and Koskelainen, Sami and Paajanen, Teemu and
              Llorens, Vincent and Gracia-Tabuenca, Javier and Siirtola, Harri
              and Reis, Kadri and Elnahas, Abdelrahman G and Sun, Benjamin and
              Foley, Christopher N and Aalto-Set{\"a}l{\"a}, Katriina and
              Alasoo, Kaur and Arvas, Mikko and Auro, Kirsi and Biswas, Shameek
              and Bizaki-Vallaskangas, Argyro and Carpen, Olli and Chen,
              Chia-Yen and Dada, Oluwaseun A and Ding, Zhihao and Ehm, Margaret
              G and Eklund, Kari and F{\"a}rkkil{\"a}, Martti and Finucane,
              Hilary and Ganna, Andrea and Ghazal, Awaisa and Graham, Robert R
              and Green, Eric M and Hakanen, Antti and Hautalahti, Marco and
              Hedman, {\AA}sa K and Hiltunen, Mikko and Hinttala, Reetta and
              Hovatta, Iiris and Hu, Xinli and Huertas-Vazquez, Adriana and
              Huilaja, Laura and Hunkapiller, Julie and Jacob, Howard and
              Jensen, Jan-Nygaard and Joensuu, Heikki and John, Sally and
              Julkunen, Valtteri and Jung, Marc and Junttila, Juhani and
              Kaarniranta, Kai and K{\"a}h{\"o}nen, Mika and Kajanne, Risto and
              Kallio, Lila and K{\"a}lvi{\"a}inen, Reetta and Kaprio, Jaakko
              and {FinnGen} and Kerimov, Nurlan and Kettunen, Johannes and
              Kilpel{\"a}inen, Elina and Kilpi, Terhi and Klinger, Katherine
              and Kosma, Veli-Matti and Kuopio, Teijo and Kurra, Venla and
              Laisk, Triin and Laukkanen, Jari and Lawless, Nathan and Liu,
              Aoxing and Longerich, Simonne and M{\"a}gi, Reedik and
              M{\"a}kel{\"a}, Johanna and M{\"a}kitie, Antti and Malarstig,
              Anders and Mannermaa, Arto and Maranville, Joseph and Matakidou,
              Athena and Meretoja, Tuomo and Mozaffari, Sahar V and Niemi, Mari
              E K and Niemi, Marianna and Niiranen, Teemu and O Donnell,
              Christopher J and Obeidat, Ma En and Okafo, George and Ollila,
              Hanna M and Palom{\"a}ki, Antti and Palotie, Tuula and Partanen,
              Jukka and Paul, Dirk S and Pelkonen, Margit and Pendergrass, Rion
              K and Petrovski, Slav{\'e} and Pitk{\"a}ranta, Anne and Platt,
              Adam and Pulford, David and Punkka, Eero and Pussinen, Pirkko and
              Raghavan, Neha and Rahimov, Fedik and Rajpal, Deepak and Renaud,
              Nicole A and Riley-Gillis, Bridget and Rodosthenous, Rodosthenis
              and Saarentaus, Elmo and Salminen, Aino and Salminen, Eveliina
              and Salomaa, Veikko and Schleutker, Johanna and Serpi, Raisa and
              Shen, Huei-Yi and Siegel, Richard and Silander, Kaisa and
              Siltanen, Sanna and Soini, Sirpa and Soininen, Hilkka and Sul,
              Jae Hoon and Tachmazidou, Ioanna and Tasanen, Kaisa and Tienari,
              Pentti and Toppila-Salmi, Sanna and Tukiainen, Taru and Tuomi,
              Tiinamaija and Turunen, Joni A and Ulirsch, Jacob C and Vaura,
              Felix and Virolainen, Petri and Waring, Jeffrey and Waterworth,
              Dawn and Yang, Robert and Nelis, Mari and Reigo, Anu and
              Metspalu, Andres and Milani, Lili and Esko, T{\~o}nu and Fox,
              Caroline and Havulinna, Aki S and Perola, Markus and Ripatti,
              Samuli and Jalanko, Anu and Laitinen, Tarja and M{\"a}kel{\"a},
              Tomi P and Plenge, Robert and McCarthy, Mark and Runz, Heiko and
              Daly, Mark J and Palotie, Aarno",
  journal  = "Nature",
  volume   =  613,
  number   =  7944,
  pages    = "508--518",
  month    =  jan,
  year     =  2023,
  language = "en",
  issn     = "0028-0836, 1476-4687",
  pmid     = "36653562",
  doi      = "10.1038/s41586-022-05473-8",
  pmc      = "PMC9849126"
}

@ARTICLE{Chen2023-el,
  title     = "A genomic mutational constraint map using variation in 76,156
               human genomes",
  author    = "Chen, Siwei and Francioli, Laurent C and Goodrich, Julia K and
               Collins, Ryan L and Kanai, Masahiro and Wang, Qingbo and
               Alf{\"o}ldi, Jessica and Watts, Nicholas A and Vittal,
               Christopher and Gauthier, Laura D and Poterba, Timothy and
               Wilson, Michael W and Tarasova, Yekaterina and Phu, William and
               Grant, Riley and Yohannes, Mary T and Koenig, Zan and Farjoun,
               Yossi and Banks, Eric and Donnelly, Stacey and Gabriel, Stacey
               and Gupta, Namrata and Ferriera, Steven and Tolonen, Charlotte
               and Novod, Sam and Bergelson, Louis and Roazen, David and
               Ruano-Rubio, Valentin and Covarrubias, Miguel and Llanwarne,
               Christopher and Petrillo, Nikelle and Wade, Gordon and Jeandet,
               Thibault and Munshi, Ruchi and Tibbetts, Kathleen and
               O'Donnell-Luria, Anne and Solomonson, Matthew and Seed, Cotton
               and Martin, Alicia R and Talkowski, Michael E and Rehm, Heidi L
               and Daly, Mark J and Tiao, Grace and Neale, Benjamin M and
               MacArthur, Daniel G and Karczewski, Konrad J",
  journal   = "Nature",
  publisher = "Nature Publishing Group",
  pages     = "1--11",
  month     =  dec,
  year      =  2023,
  language  = "en",
  issn      = "0028-0836",
  doi       = "10.1038/s41586-023-06045-0"
}

@ARTICLE{Gao2023-dy,
  title    = "Haplotype-aware analysis of somatic copy number variations from
              single-cell transcriptomes",
  author   = "Gao, Teng and Soldatov, Ruslan and Sarkar, Hirak and Kurkiewicz,
              Adam and Biederstedt, Evan and Loh, Po-Ru and Kharchenko, Peter V",
  journal  = "Nature biotechnology",
  volume   =  41,
  number   =  3,
  pages    = "417--426",
  month    =  mar,
  year     =  2023,
  language = "en",
  issn     = "1087-0156, 1546-1696",
  pmid     = "36163550",
  doi      = "10.1038/s41587-022-01468-y",
  pmc      = "PMC10289836"
}

@ARTICLE{Goldmann2018-kh,
  title    = "Germline de novo mutation clusters arise during oocyte aging in
              genomic regions with high double-strand-break incidence",
  author   = "Goldmann, Jakob M and Seplyarskiy, Vladimir B and Wong, Wendy S W
              and Vilboux, Thierry and Neerincx, Pieter B and Bodian, Dale L
              and Solomon, Benjamin D and Veltman, Joris A and Deeken, John F
              and Gilissen, Christian and Niederhuber, John E",
  journal  = "Nature genetics",
  volume   =  50,
  number   =  4,
  pages    = "487--492",
  month    =  apr,
  year     =  2018,
  language = "en",
  issn     = "1061-4036, 1546-1718",
  pmid     = "29507425",
  doi      = "10.1038/s41588-018-0071-6",
  pmc      = "3548427"
}

@ARTICLE{Chiang2018-kg,
  title    = "Genomic history of the Sardinian population",
  author   = "Chiang, Charleston W K and Marcus, Joseph H and Sidore, Carlo and
              Biddanda, Arjun and Al-Asadi, Hussein and Zoledziewska, Magdalena
              and Pitzalis, Maristella and Busonero, Fabio and Maschio, Andrea
              and Pistis, Giorgio and Steri, Maristella and Angius, Andrea and
              Lohmueller, Kirk E and Abecasis, Goncalo R and Schlessinger,
              David and Cucca, Francesco and Novembre, John",
  journal  = "Nature genetics",
  volume   =  50,
  number   =  10,
  pages    = "1426--1434",
  month    =  oct,
  year     =  2018,
  language = "en",
  issn     = "1061-4036, 1546-1718",
  pmid     = "30224645",
  doi      = "10.1038/s41588-018-0215-8",
  pmc      = "PMC6168346"
}

@ARTICLE{Porubsky2020-fl,
  title    = "Recurrent inversion toggling and great ape genome evolution",
  author   = "Porubsky, David and Sanders, Ashley D and H{\"o}ps, Wolfram and
              Hsieh, Pinghsun and Sulovari, Arvis and Li, Ruiyang and Mercuri,
              Ludovica and Sorensen, Melanie and Murali, Shwetha C and Gordon,
              David and Cantsilieris, Stuart and Pollen, Alex A and Ventura,
              Mario and Antonacci, Francesca and Marschall, Tobias and Korbel,
              Jan O and Eichler, Evan E",
  journal  = "Nature genetics",
  volume   =  52,
  number   =  8,
  pages    = "849--858",
  month    =  aug,
  year     =  2020,
  language = "en",
  issn     = "1061-4036, 1546-1718",
  pmid     = "32541924",
  doi      = "10.1038/s41588-020-0646-x",
  pmc      = "PMC7415573"
}

@ARTICLE{Mbatchou2021-do,
  title    = "Computationally efficient whole-genome regression for
              quantitative and binary traits",
  author   = "Mbatchou, Joelle and Barnard, Leland and Backman, Joshua and
              Marcketta, Anthony and Kosmicki, Jack A and Ziyatdinov, Andrey
              and Benner, Christian and O'Dushlaine, Colm and Barber, Mathew
              and Boutkov, Boris and Habegger, Lukas and Ferreira, Manuel and
              Baras, Aris and Reid, Jeffrey and Abecasis, Goncalo and Maxwell,
              Evan and Marchini, Jonathan",
  journal  = "Nature genetics",
  volume   =  53,
  number   =  7,
  pages    = "1097--1103",
  month    =  jul,
  year     =  2021,
  language = "en",
  issn     = "1061-4036, 1546-1718",
  pmid     = "34017140",
  doi      = "10.1038/s41588-021-00870-7"
}

@ARTICLE{Zhang2023-bm,
  title    = "Biobank-scale inference of ancestral recombination graphs enables
              genealogical analysis of complex traits",
  author   = "Zhang, Brian C and Biddanda, Arjun and Gunnarsson, {\'A}rni Freyr
              and Cooper, Fergus and Palamara, Pier Francesco",
  journal  = "Nature genetics",
  volume   =  55,
  number   =  5,
  pages    = "768--776",
  month    =  may,
  year     =  2023,
  language = "en",
  issn     = "1061-4036, 1546-1718",
  pmid     = "37127670",
  doi      = "10.1038/s41588-023-01379-x",
  pmc      = "PMC10181934"
}

@ARTICLE{Babadi2023-yd,
  title     = "{GATK-gCNV} enables the discovery of rare copy number variants
               from exome sequencing data",
  author    = "Babadi, Mehrtash and Fu, Jack M and Lee, Samuel K and Smirnov,
               Andrey N and Gauthier, Laura D and Walker, Mark and Benjamin,
               David I and Zhao, Xuefang and Karczewski, Konrad J and Wong,
               Isaac and Collins, Ryan L and Sanchis-Juan, Alba and Brand,
               Harrison and Banks, Eric and Talkowski, Michael E",
  journal   = "Nature genetics",
  publisher = "Nature Publishing Group",
  pages     = "1--9",
  month     =  aug,
  year      =  2023,
  language  = "en",
  issn      = "1061-4036",
  doi       = "10.1038/s41588-023-01449-0"
}

@ARTICLE{Sherman2021-jk,
  title    = "Large mosaic copy number variations confer autism risk",
  author   = "Sherman, Maxwell A and Rodin, Rachel E and Genovese, Giulio and
              Dias, Caroline and Barton, Alison R and Mukamel, Ronen E and
              Berger, Bonnie and Park, Peter J and Walsh, Christopher A and
              Loh, Po-Ru",
  journal  = "Nature neuroscience",
  volume   =  24,
  number   =  2,
  pages    = "197--203",
  month    =  feb,
  year     =  2021,
  language = "en",
  issn     = "1097-6256, 1546-1726",
  pmid     = "33432194",
  doi      = "10.1038/s41593-020-00766-5",
  pmc      = "PMC7854495"
}

@ARTICLE{Ottolini2017-cq,
  title    = "Tripolar mitosis and partitioning of the genome arrests human
              preimplantation development in vitro",
  author   = "Ottolini, Christian S and Kitchen, John and Xanthopoulou, Leoni
              and Gordon, Tony and Summers, Michael C and Handyside, Alan H",
  journal  = "Scientific reports",
  volume   =  7,
  number   =  1,
  pages    = "9744",
  month    =  aug,
  year     =  2017,
  language = "en",
  issn     = "2045-2322",
  pmid     = "28851957",
  doi      = "10.1038/s41598-017-09693-1",
  pmc      = "PMC5575028"
}

@ARTICLE{Li2018-no,
  title    = "Preimplantation Genetic Screening with Spent Culture
              {Medium/Blastocoel} Fluid for in Vitro Fertilization",
  author   = "Li, Penghao and Song, Zhe and Yao, Yaxin and Huang, Tianhua and
              Mao, Rurong and Huang, Jun and Ma, Yongyi and Dong, Xin and
              Huang, Wenlong and Huang, Jihua and Chen, Tianjian and Qu, Ting
              and Li, Lingxiao and Zhong, Ying and Gu, Jiang",
  journal  = "Scientific reports",
  volume   =  8,
  number   =  1,
  pages    = "9275",
  month    =  jun,
  year     =  2018,
  language = "en",
  issn     = "2045-2322",
  pmid     = "29915225",
  doi      = "10.1038/s41598-018-27367-4",
  pmc      = "PMC6006313"
}

@ARTICLE{Wright2023-zg,
  title    = "Genomic Diagnosis of Rare Pediatric Disease in the United Kingdom
              and Ireland",
  author   = "Wright, Caroline F and Campbell, Patrick and Eberhardt, Ruth Y
              and Aitken, Stuart and Perrett, Daniel and Brent, Simon and
              Danecek, Petr and Gardner, Eugene J and Chundru, V Kartik and
              Lindsay, Sarah J and Andrews, Katrina and Hampstead, Juliet and
              Kaplanis, Joanna and Samocha, Kaitlin E and Middleton, Anna and
              Foreman, Julia and Hobson, Rachel J and Parker, Michael J and
              Martin, Hilary C and FitzPatrick, David R and Hurles, Matthew E
              and Firth, Helen V and {DDD Study}",
  journal  = "The New England journal of medicine",
  volume   =  388,
  number   =  17,
  pages    = "1559--1571",
  month    =  apr,
  year     =  2023,
  language = "en",
  issn     = "0028-4793, 1533-4406",
  pmid     = "37043637",
  doi      = "10.1056/NEJMoa2209046",
  pmc      = "PMC7614484"
}

@ARTICLE{Sheltzer2012-qq,
  title    = "Transcriptional consequences of aneuploidy",
  author   = "Sheltzer, Jason M and Torres, Eduardo M and Dunham, Maitreya J
              and Amon, Angelika",
  journal  = "Proceedings of the National Academy of Sciences of the United
              States of America",
  volume   =  109,
  number   =  31,
  pages    = "12644--12649",
  month    =  jul,
  year     =  2012,
  language = "en",
  issn     = "0027-8424, 1091-6490",
  pmid     = "22802626",
  doi      = "10.1073/pnas.1209227109",
  pmc      = "PMC3411958"
}

@ARTICLE{Lodge2020-ym,
  title    = "Oocyte aneuploidy-more tools to tackle an old problem",
  author   = "Lodge, Chris and Herbert, Mary",
  journal  = "Proceedings of the National Academy of Sciences of the United
              States of America",
  volume   =  117,
  number   =  22,
  pages    = "11850--11852",
  month    =  jun,
  year     =  2020,
  language = "en",
  issn     = "0027-8424, 1091-6490",
  pmid     = "32430318",
  doi      = "10.1073/pnas.2005739117",
  pmc      = "PMC7275742"
}

@ARTICLE{Hwang2021-cj,
  title    = "Consequences of aneuploidy in human fibroblasts with trisomy 21",
  author   = "Hwang, Sunyoung and Cavaliere, Paola and Li, Rui and Zhu, Lihua
              Julie and Dephoure, Noah and Torres, Eduardo M",
  journal  = "Proceedings of the National Academy of Sciences of the United
              States of America",
  volume   =  118,
  number   =  6,
  month    =  feb,
  year     =  2021,
  language = "en",
  issn     = "0027-8424, 1091-6490",
  pmid     = "33526671",
  doi      = "10.1073/pnas.2014723118",
  pmc      = "PMC8017964"
}

@ARTICLE{Ariad2021-ca,
  title    = "Haplotype-aware inference of human chromosome abnormalities",
  author   = "Ariad, Daniel and Yan, Stephanie M and Victor, Andrea R and
              Barnes, Frank L and Zouves, Christo G and Viotti, Manuel and
              McCoy, Rajiv C",
  journal  = "Proceedings of the National Academy of Sciences of the United
              States of America",
  volume   =  118,
  number   =  46,
  month    =  nov,
  year     =  2021,
  language = "en",
  issn     = "0027-8424, 1091-6490",
  pmid     = "34772814",
  doi      = "10.1073/pnas.2109307118",
  pmc      = "PMC8609623"
}

@ARTICLE{Bracci2023-kl,
  title    = "The evolution of the human {DNA} replication timing program",
  author   = "Bracci, Alexa N and Dallmann, Anissa and Ding, Qiliang and
              Hubisz, Melissa J and Caballero, Madison and Koren, Amnon",
  journal  = "Proceedings of the National Academy of Sciences of the United
              States of America",
  volume   =  120,
  number   =  10,
  pages    = "e2213896120",
  month    =  mar,
  year     =  2023,
  language = "en",
  issn     = "0027-8424, 1091-6490",
  pmid     = "36848554",
  doi      = "10.1073/pnas.2213896120",
  pmc      = "PMC10013799"
}

@ARTICLE{Gonzalo2023-ut,
  title    = "Partial cytological diploidization of neoautotetraploid meiosis
              by induced cross-over rate reduction",
  author   = "Gonzalo, Adri{\'a}n and Parra-Nunez, Pablo and Bachmann, Andreas
              L and Sanchez-Moran, Eugenio and Bomblies, Kirsten",
  journal  = "Proceedings of the National Academy of Sciences of the United
              States of America",
  volume   =  120,
  number   =  33,
  pages    = "e2305002120",
  month    =  aug,
  year     =  2023,
  language = "en",
  issn     = "0027-8424, 1091-6490",
  pmid     = "37549263",
  doi      = "10.1073/pnas.2305002120"
}

@ARTICLE{Hardarson2023-dg,
  title    = "{NCOurd}: modelling length distributions of {NCO} events and gene
              conversion tracts",
  author   = "Hardarson, Marteinn T and Palsson, Gunnar and Halldorsson, Bjarni
              V",
  journal  = "Bioinformatics",
  volume   =  39,
  number   =  8,
  month    =  aug,
  year     =  2023,
  language = "en",
  issn     = "1367-4803, 1367-4811",
  pmid     = "37535674",
  doi      = "10.1093/bioinformatics/btad485",
  pmc      = "PMC10421967"
}

@ARTICLE{Shah2012-eh,
  title    = "optiCall: a robust genotype-calling algorithm for rare,
              low-frequency and common variants",
  author   = "Shah, T S and Liu, J Z and Floyd, J A B and Morris, J A and
              Wirth, N and Barrett, J C and Anderson, C A",
  journal  = "Bioinformatics",
  volume   =  28,
  number   =  12,
  pages    = "1598--1603",
  month    =  jun,
  year     =  2012,
  language = "en",
  issn     = "1367-4803, 1367-4811",
  pmid     = "22500001",
  doi      = "10.1093/bioinformatics/bts180",
  pmc      = "PMC3371828"
}

@ARTICLE{Bogomolov2021-dr,
  title    = "Hypotheses on a tree: new error rates and testing strategies",
  author   = "Bogomolov, Marina and Peterson, Christine B and Benjamini, Yoav
              and Sabatti, Chiara",
  journal  = "Biometrika",
  volume   =  108,
  number   =  3,
  pages    = "575--590",
  month    =  sep,
  year     =  2021,
  language = "en",
  issn     = "0006-3444",
  pmid     = "36825068",
  doi      = "10.1093/biomet/asaa086",
  pmc      = "PMC9945647"
}

@ARTICLE{Goldberg2022-yn,
  title    = "Mutational Signatures of Replication Timing and Epigenetic
              Modification Persist through the Global Divergence of Mutation
              Spectra across the Great Ape Phylogeny",
  author   = "Goldberg, Michael E and Harris, Kelley",
  journal  = "Genome biology and evolution",
  volume   =  14,
  number   =  1,
  month    =  jan,
  year     =  2022,
  language = "en",
  issn     = "1759-6653",
  pmid     = "33983415",
  doi      = "10.1093/gbe/evab104",
  pmc      = "PMC8743035"
}

@ARTICLE{Drury2023-zt,
  title    = "Modeling Recombination Rate as a Quantitative Trait Reveals New
              Insight into Selection in Humans",
  author   = "Drury, Austin L and Gout, Jean-Francois and Dapper, Amy L",
  journal  = "Genome biology and evolution",
  volume   =  15,
  number   =  8,
  month    =  aug,
  year     =  2023,
  language = "en",
  issn     = "1759-6653",
  pmid     = "37506266",
  doi      = "10.1093/gbe/evad132",
  pmc      = "PMC10404793"
}

@ARTICLE{Bauer1938-ed,
  title    = "{X-Ray} Induced Chromosomal Alterations in Drosophila
              Melanogaster",
  author   = "Bauer, H and Demerec, M and Kaufmann, B P",
  journal  = "Genetics",
  volume   =  23,
  number   =  6,
  pages    = "610--630",
  month    =  nov,
  year     =  1938,
  language = "en",
  issn     = "0016-6731",
  pmid     = "17246905",
  doi      = "10.1093/genetics/23.6.610",
  pmc      = "PMC1224293"
}

@ARTICLE{Lindsley1972-ex,
  title    = "Segmental aneuploidy and the genetic gross structure of the
              Drosophila genome",
  author   = "Lindsley, D L and Sandler, L and Baker, B S and Carpenter, A T
              and Denell, R E and Hall, J C and Jacobs, P A and Miklos, G L and
              Davis, B K and Gethmann, R C and Hardy, R W and Steven, A H and
              Miller, M and Nozawa, H and Parry, D M and Gould-Somero, M and
              Gould-Somero, M",
  journal  = "Genetics",
  volume   =  71,
  number   =  1,
  pages    = "157--184",
  month    =  may,
  year     =  1972,
  language = "en",
  issn     = "0016-6731",
  pmid     = "4624779",
  doi      = "10.1093/genetics/71.1.157",
  pmc      = "PMC1212769"
}

@ARTICLE{Biddanda2022-kh,
  title    = "Properties of 2-locus genealogies and linkage disequilibrium in
              temporally structured samples",
  author   = "Biddanda, Arjun and Steinr{\"u}cken, Matthias and Novembre, John",
  journal  = "Genetics",
  volume   =  221,
  number   =  1,
  month    =  may,
  year     =  2022,
  language = "en",
  issn     = "0016-6731, 1943-2631",
  pmid     = "35294015",
  doi      = "10.1093/genetics/iyac038",
  pmc      = "PMC9245597"
}

@ARTICLE{Caballero2022-uo,
  title    = "Comprehensive analysis of {DNA} replication timing across 184
              cell lines suggests a role for {MCM10} in replication timing
              regulation",
  author   = "Caballero, Madison and Ge, Tiffany and Rebelo, Ana Rita and Seo,
              Seungmae and Kim, Sean and Brooks, Kayla and Zuccaro, Michael and
              Kanagaraj, Radhakrishnan and Vershkov, Dan and Kim, Dongsung and
              Smogorzewska, Agata and Smolka, Marcus and Benvenisty, Nissim and
              West, Stephen C and Egli, Dieter and Mace, Emily M and Koren,
              Amnon",
  journal  = "Human molecular genetics",
  volume   =  31,
  number   =  17,
  pages    = "2899--2917",
  month    =  aug,
  year     =  2022,
  language = "en",
  issn     = "0964-6906, 1460-2083",
  pmid     = "35394024",
  doi      = "10.1093/hmg/ddac082",
  pmc      = "PMC9433724"
}

@ARTICLE{Zarrei2023-ri,
  title    = "Gene copy number variation and pediatric mental
              health/neurodevelopment in a general population",
  author   = "Zarrei, Mehdi and Burton, Christie L and Engchuan, Worrawat and
              Higginbotham, Edward J and Wei, John and Shaikh, Sabah and
              Roslin, Nicole M and MacDonald, Jeffrey R and Pellecchia,
              Giovanna and Nalpathamkalam, Thomas and Lamoureux, Sylvia and
              Manshaei, Roozbeh and Howe, Jennifer and Trost, Brett and
              Thiruvahindrapuram, Bhooma and Marshall, Christian R and Yuen,
              Ryan K C and Wintle, Richard F and Strug, Lisa J and
              Stavropoulos, Dimitri J and Vorstman, Jacob A S and Arnold, Paul
              and Merico, Daniele and Woodbury-Smith, Marc and Crosbie,
              Jennifer and Schachar, Russell J and Scherer, Stephen W",
  journal  = "Human molecular genetics",
  volume   =  32,
  number   =  15,
  pages    = "2411--2421",
  month    =  jul,
  year     =  2023,
  language = "en",
  issn     = "0964-6906, 1460-2083",
  pmid     = "37154571",
  doi      = "10.1093/hmg/ddad074",
  pmc      = "PMC10360394"
}

@ARTICLE{McCoy2018-qo,
  title    = "Tripolar chromosome segregation drives the association between
              maternal genotype at variants spanning {PLK4} and aneuploidy in
              human preimplantation embryos",
  author   = "McCoy, Rajiv C and Newnham, Louise J and Ottolini, Christian S
              and Hoffmann, Eva R and Chatzimeletiou, Katerina and Cornejo,
              Omar E and Zhan, Qiansheng and Zaninovic, Nikica and Rosenwaks,
              Zev and Petrov, Dmitri A and Demko, Zachary P and Sigurjonsson,
              Styrmir and Handyside, Alan H",
  journal  = "Human molecular genetics",
  volume   =  27,
  number   =  14,
  pages    = "2573--2585",
  month    =  jul,
  year     =  2018,
  language = "en",
  issn     = "0964-6906, 1460-2083",
  pmid     = "29688390",
  doi      = "10.1093/hmg/ddy147",
  pmc      = "PMC6030883"
}

@ARTICLE{Tyc2020-tt,
  title    = "Exome sequencing links {CEP120} mutation to maternally derived
              aneuploid conception risk",
  author   = "Tyc, Katarzyna M and El Yakoubi, Warif and Bag, Aishee and
              Landis, Jessica and Zhan, Yiping and Treff, Nathan R and Scott,
              Richard T and Tao, Xin and Schindler, Karen and Xing, Jinchuan",
  journal  = "Human reproduction",
  volume   =  35,
  number   =  9,
  pages    = "2134--2148",
  month    =  sep,
  year     =  2020,
  language = "en",
  issn     = "0268-1161, 1460-2350",
  pmid     = "32772081",
  doi      = "10.1093/humrep/deaa148",
  pmc      = "PMC7828473"
}

@ARTICLE{Aitken2023-gx,
  title    = "Male reproductive ageing: a radical road to ruin",
  author   = "Aitken, R John",
  journal  = "Human reproduction",
  month    =  aug,
  year     =  2023,
  language = "en",
  issn     = "0268-1161, 1460-2350",
  pmid     = "37568254",
  doi      = "10.1093/humrep/dead157"
}

@ARTICLE{Babariya2017-gs,
  title    = "The incidence and origin of segmental aneuploidy in human oocytes
              and preimplantation embryos",
  author   = "Babariya, D and Fragouli, E and Alfarawati, S and Spath, K and
              Wells, D",
  journal  = "Human reproduction",
  volume   =  32,
  number   =  12,
  pages    = "2549--2560",
  month    =  dec,
  year     =  2017,
  language = "en",
  issn     = "0268-1161, 1460-2350",
  pmid     = "29126206",
  doi      = "10.1093/humrep/dex324"
}

@ARTICLE{Victor2019-dy,
  title    = "Assessment of aneuploidy concordance between clinical
              trophectoderm biopsy and blastocyst",
  author   = "Victor, Andrea R and Griffin, Darren K and Brake, Alan J and
              Tyndall, Jack C and Murphy, Alex E and Lepkowsky, Laura T and
              Lal, Archana and Zouves, Christo G and Barnes, Frank L and McCoy,
              Rajiv C and Viotti, Manuel",
  journal  = "Human reproduction",
  volume   =  34,
  number   =  1,
  pages    = "181--192",
  month    =  jan,
  year     =  2019,
  language = "en",
  issn     = "0268-1161, 1460-2350",
  pmid     = "30418565",
  doi      = "10.1093/humrep/dey327"
}

@ARTICLE{McCarty2022-dp,
  title    = "Segmental aneuploid hotspots identified across the genome
              concordant on reanalysis",
  author   = "McCarty, Keelee J and Haywood, Mary E and Lee, Rachel and Henry,
              Lauren and Arnold, Alison and McReynolds, Susanna and McCallie,
              Blair and Schoolcraft, Bill and Katz-Jaffe, Mandy",
  journal  = "Molecular human reproduction",
  volume   =  29,
  number   =  1,
  month    =  dec,
  year     =  2022,
  language = "en",
  issn     = "1360-9947, 1460-2407",
  pmid     = "36458926",
  doi      = "10.1093/molehr/gaac040"
}

@ARTICLE{Masset2022-tl,
  title    = "Single-cell genome-wide concurrent haplotyping and copy-number
              profiling through genotyping-by-sequencing",
  author   = "Masset, Heleen and Ding, Jia and Dimitriadou, Eftychia and
              Debrock, Sophie and T{\v s}uiko, Olga and Smits, Katrien and
              Peeraer, Karen and Voet, Thierry and Zamani Esteki, Masoud and
              Vermeesch, Joris R",
  journal  = "Nucleic acids research",
  volume   =  50,
  number   =  11,
  pages    = "e63",
  month    =  jun,
  year     =  2022,
  language = "en",
  issn     = "0305-1048, 1362-4962",
  pmid     = "35212381",
  doi      = "10.1093/nar/gkac134",
  pmc      = "PMC9226495"
}

@ARTICLE{Lyu2022-rm,
  title    = "sgcocaller and comapr: personalised haplotype assembly and
              comparative crossover map analysis using single-gamete sequencing
              data",
  author   = "Lyu, Ruqian and Tsui, Vanessa and Crismani, Wayne and Liu, Ruijie
              and Shim, Heejung and McCarthy, Davis J",
  journal  = "Nucleic acids research",
  volume   =  50,
  number   =  20,
  pages    = "e118",
  month    =  nov,
  year     =  2022,
  language = "en",
  issn     = "0305-1048, 1362-4962",
  pmid     = "36107768",
  doi      = "10.1093/nar/gkac764",
  pmc      = "PMC9723612"
}

@UNPUBLISHED{Chen2022-yw,
  title    = "A genome-wide mutational constraint map quantified from variation
              in 76,156 human genomes",
  author   = "Chen, Siwei and Francioli, Laurent C and Goodrich, Julia K and
              Collins, Ryan L and Kanai, Masahiro and Wang, Qingbo and
              Alf{\"o}ldi, Jessica and Watts, Nicholas A and Vittal,
              Christopher and Gauthier, Laura D and Poterba, Timothy and
              Wilson, Michael W and Tarasova, Yekaterina and Phu, William and
              Yohannes, Mary T and Koenig, Zan and Farjoun, Yossi and Banks,
              Eric and Donnelly, Stacey and Gabriel, Stacey and Gupta, Namrata
              and Ferriera, Steven and Tolonen, Charlotte and Novod, Sam and
              Bergelson, Louis and Roazen, David and Ruano-Rubio, Valentin and
              Covarrubias, Miguel and Llanwarne, Christopher and Petrillo,
              Nikelle and Wade, Gordon and Jeandet, Thibault and Munshi, Ruchi
              and Tibbetts, Kathleen and {gnomAD Project Consortium} and
              O'Donnell-Luria, Anne and Solomonson, Matthew and Seed, Cotton
              and Martin, Alicia R and Talkowski, Michael E and Rehm, Heidi L
              and Daly, Mark J and Tiao, Grace and Neale, Benjamin M and
              MacArthur, Daniel G and Karczewski, Konrad J",
  journal  = "bioRxiv",
  pages    = "2022.03.20.485034",
  month    =  oct,
  year     =  2022,
  language = "en",
  doi      = "10.1101/2022.03.20.485034"
}

@UNPUBLISHED{Eberhardt2022-aw,
  title   = "Detection of mosaic chromosomal alterations in children with
             severe developmental disorders recruited to the {DDD} study",
  author  = "Eberhardt, Ruth Y and Wright, Caroline F and FitzPatrick, David R
             and Hurles, Matthew E and Firth, Helen V",
  journal = "bioRxiv",
  month   =  mar,
  year    =  2022,
  doi     = "10.1101/2022.03.28.22273024"
}

@UNPUBLISHED{Eberhardt2022-in,
  title   = "Detection of mosaic chromosomal alterations in children with
             severe developmental disorders recruited to the {DDD} study",
  author  = "Eberhardt, Ruth Y and Wright, Caroline F and FitzPatrick, David R
             and Hurles, Matthew E and Firth, Helen V",
  journal = "bioRxiv",
  month   =  mar,
  year    =  2022,
  doi     = "10.1101/2022.03.28.22273024"
}

@UNPUBLISHED{Gallardo2023-vd,
  title    = "A multi-omics genome-and-transcriptome single-cell atlas of human
              preimplantation embryogenesis reveals the cellular and molecular
              impact of chromosome instability",
  author   = "Gallardo, Elia Fernandez and Sifrim, Alejandro and Chappell, Joel
              and Demeulemeester, Jonas and Herrmann, Jennifer Clara and
              Vermotte, Robin and Kerremans, Alison and Van der Haegen, Michiel
              and Van Herck, Jens and Vanuytven, Sebastiaan and Vandereyken,
              Katy and Macaulay, Iain C and Vermeesch, Joris Robert and
              Peeraer, Karen and Debrock, Sophie and Pasque, Vincent and Voet,
              Thierry",
  journal  = "bioRxiv",
  pages    = "2023.03.08.530586",
  month    =  mar,
  year     =  2023,
  language = "en",
  doi      = "10.1101/2023.03.08.530586"
}

@ARTICLE{Gallardo_undated-lk,
  title  = "A multi-omics genome-and-transcriptome single-cell atlas of human
            preimplantation embryogenesis reveals the cellular and molecular
            impact of chromosome instability",
  author = "Gallardo, Elia Fernandez and Sifrim, Alejandro and Chappell, Joel
            and Demeulemeester, Jonas and Herrmann, Jennifer Clara and
            Vermotte, Robin and Kerremans, Alison and Van der Haegen, Michiel
            and Van Herck, Jens and Vanuytven, Sebastiaan and Vandereyken, Katy
            and Macaulay, Iain C and Vermeesch, Joris Robert and Peeraer, Karen
            and Debrock, Sophie and Pasque, Vincent and Voet, Thierry",
  doi    = "10.1101/2023.03.08.530586"
}

@UNPUBLISHED{Auwerx2023-rg,
  title   = "Copy-number variants as modulators of common disease
             susceptibility",
  author  = "Auwerx, Chiara and J{\~o}eloo, Maarja and Sadler, Marie C and
             Tesio, Nicol{\`o} and Ojavee, Sven E and Clark, Charlie J and
             M{\"a}gi, Reedik and Reymond, Alexandre and Kutalik, Zolt{\'a}n
             and {Estonian Biobank Research Team}",
  journal = "bioRxiv",
  month   =  aug,
  year    =  2023,
  doi     = "10.1101/2023.07.31.23293408"
}

@ARTICLE{Dewal2012-om,
  title    = "Calling amplified haplotypes in next generation tumor sequence
              data",
  author   = "Dewal, Ninad and Hu, Yang and Freedman, Matthew L and
              Laframboise, Thomas and Pe'er, Itsik",
  journal  = "Genome research",
  volume   =  22,
  number   =  2,
  pages    = "362--374",
  month    =  feb,
  year     =  2012,
  language = "en",
  issn     = "1088-9051, 1549-5469",
  pmid     = "22090379",
  doi      = "10.1101/gr.122564.111",
  pmc      = "PMC3266043"
}

@ARTICLE{Vattathil2013-aa,
  title    = "Haplotype-based profiling of subtle allelic imbalance with {SNP}
              arrays",
  author   = "Vattathil, Selina and Scheet, Paul",
  journal  = "Genome research",
  volume   =  23,
  number   =  1,
  pages    = "152--158",
  month    =  jan,
  year     =  2013,
  language = "en",
  issn     = "1088-9051, 1549-5469",
  pmid     = "23028187",
  doi      = "10.1101/gr.141374.112",
  pmc      = "PMC3530675"
}

@ARTICLE{Kong2018-hv,
  title    = "Detecting, quantifying, and discriminating the mechanism of
              mosaic chromosomal aneuploidies using {MAD-seq}",
  author   = "Kong, Yu and Berko, Esther R and Marcketta, Anthony and Maqbool,
              Shahina B and Sim{\~o}es-Pires, Claudia A and Kronn, David F and
              Ye, Kenny Q and Suzuki, Masako and Auton, Adam and Greally, John
              M",
  journal  = "Genome research",
  volume   =  28,
  number   =  7,
  pages    = "1039--1052",
  month    =  jul,
  year     =  2018,
  language = "en",
  issn     = "1088-9051, 1549-5469",
  pmid     = "29773658",
  doi      = "10.1101/gr.226282.117",
  pmc      = "PMC6028128"
}

@ARTICLE{Starostik2020-nv,
  title    = "Single-cell analysis of human embryos reveals diverse patterns of
              aneuploidy and mosaicism",
  author   = "Starostik, Margaret R and Sosina, Olukayode A and McCoy, Rajiv C",
  journal  = "Genome research",
  volume   =  30,
  number   =  6,
  pages    = "814--825",
  month    =  jun,
  year     =  2020,
  language = "en",
  issn     = "1088-9051, 1549-5469",
  pmid     = "32641298",
  doi      = "10.1101/gr.262774.120",
  pmc      = "PMC7370883"
}

@ARTICLE{Rohland2022-gg,
  title    = "Three assays for in-solution enrichment of ancient human {DNA} at
              more than a million {SNPs}",
  author   = "Rohland, Nadin and Mallick, Swapan and Mah, Matthew and Maier,
              Robert and Patterson, Nick and Reich, David",
  journal  = "Genome research",
  volume   =  32,
  number   = "11-12",
  pages    = "2068--2078",
  month    =  dec,
  year     =  2022,
  language = "en",
  issn     = "1088-9051, 1549-5469",
  pmid     = "36517229",
  doi      = "10.1101/gr.276728.122",
  pmc      = "PMC9808625"
}

@ARTICLE{Wang2007-zu,
  title    = "{PennCNV}: an integrated hidden Markov model designed for
              high-resolution copy number variation detection in whole-genome
              {SNP} genotyping data",
  author   = "Wang, Kai and Li, Mingyao and Hadley, Dexter and Liu, Rui and
              Glessner, Joseph and Grant, Struan F A and Hakonarson, Hakon and
              Bucan, Maja",
  journal  = "Genome research",
  volume   =  17,
  number   =  11,
  pages    = "1665--1674",
  month    =  nov,
  year     =  2007,
  language = "en",
  issn     = "1088-9051",
  pmid     = "17921354",
  doi      = "10.1101/gr.6861907",
  pmc      = "PMC2045149"
}

@ARTICLE{Torres2010-wz,
  title    = "Thoughts on aneuploidy",
  author   = "Torres, E M and Williams, B R and Tang, Y-C and Amon, A",
  journal  = "Cold Spring Harbor symposia on quantitative biology",
  volume   =  75,
  pages    = "445--451",
  year     =  2010,
  language = "en",
  issn     = "0091-7451, 1943-4456",
  pmid     = "21289044",
  doi      = "10.1101/sqb.2010.75.025",
  pmc      = "PMC3293208"
}

@ARTICLE{Muralidhar2022-ix,
  title    = "Dominance shifts increase the likelihood of soft selective sweeps",
  author   = "Muralidhar, Pavitra and Veller, Carl",
  journal  = "Evolution; international journal of organic evolution",
  volume   =  76,
  number   =  5,
  pages    = "966--984",
  month    =  may,
  year     =  2022,
  language = "en",
  issn     = "0014-3820, 1558-5646",
  pmid     = "35213740",
  doi      = "10.1111/evo.14459"
}

@ARTICLE{Sivaramakrishnan2023-cm,
  title    = "Transcript accumulation rates in the early \textit{Caenorhabditis
              elegans} embryo",
  author   = "Sivaramakrishnan, Priya and Watkins, Cameron and Murray, John
              Isaac",
  journal  = "Science advances",
  volume   =  9,
  number   =  34,
  pages    = "eadi1270",
  month    =  aug,
  year     =  2023,
  language = "en",
  issn     = "2375-2548",
  pmid     = "37611097",
  doi      = "10.1126/sciadv.adi1270",
  pmc      = "PMC10446496"
}

@ARTICLE{Walsh2008-vp,
  title    = "Rare structural variants disrupt multiple genes in
              neurodevelopmental pathways in schizophrenia",
  author   = "Walsh, Tom and McClellan, Jon M and McCarthy, Shane E and
              Addington, Anjen{\'e} M and Pierce, Sarah B and Cooper, Greg M
              and Nord, Alex S and Kusenda, Mary and Malhotra, Dheeraj and
              Bhandari, Abhishek and Stray, Sunday M and Rippey, Caitlin F and
              Roccanova, Patricia and Makarov, Vlad and Lakshmi, B and
              Findling, Robert L and Sikich, Linmarie and Stromberg, Thomas and
              Merriman, Barry and Gogtay, Nitin and Butler, Philip and
              Eckstrand, Kristen and Noory, Laila and Gochman, Peter and Long,
              Robert and Chen, Zugen and Davis, Sean and Baker, Carl and
              Eichler, Evan E and Meltzer, Paul S and Nelson, Stanley F and
              Singleton, Andrew B and Lee, Ming K and Rapoport, Judith L and
              King, Mary-Claire and Sebat, Jonathan",
  journal  = "Science",
  volume   =  320,
  number   =  5875,
  pages    = "539--543",
  month    =  apr,
  year     =  2008,
  language = "en",
  issn     = "0036-8075, 1095-9203",
  pmid     = "18369103",
  doi      = "10.1126/science.1155174"
}

@ARTICLE{Pratto2014-nm,
  title    = "{DNA} recombination. Recombination initiation maps of individual
              human genomes",
  author   = "Pratto, Florencia and Brick, Kevin and Khil, Pavel and Smagulova,
              Fatima and Petukhova, Galina V and Camerini-Otero, R Daniel",
  journal  = "Science",
  volume   =  346,
  number   =  6211,
  pages    = "1256442",
  month    =  nov,
  year     =  2014,
  language = "en",
  issn     = "0036-8075, 1095-9203",
  pmid     = "25395542",
  doi      = "10.1126/science.1256442",
  pmc      = "PMC5588152"
}

@ARTICLE{McCoy2015-af,
  title    = "Common variants spanning {PLK4} are associated with
              mitotic-origin aneuploidy in human embryos",
  author   = "McCoy, Rajiv C and Demko, Zachary and Ryan, Allison and Banjevic,
              Milena and Hill, Matthew and Sigurjonsson, Styrmir and
              Rabinowitz, Matthew and Fraser, Hunter B and Petrov, Dmitri A",
  journal  = "Science",
  volume   =  348,
  number   =  6231,
  pages    = "235--238",
  month    =  apr,
  year     =  2015,
  language = "en",
  issn     = "0036-8075, 1095-9203",
  pmid     = "25859044",
  doi      = "10.1126/science.aaa3337",
  pmc      = "PMC5519344"
}

@ARTICLE{Martin2018-sy,
  title    = "Quantifying the contribution of recessive coding variation to
              developmental disorders",
  author   = "Martin, Hilary C and Jones, Wendy D and McIntyre, Rebecca and
              Sanchez-Andrade, Gabriela and Sanderson, Mark and Stephenson,
              James D and Jones, Carla P and Handsaker, Juliet and Gallone,
              Giuseppe and Bruntraeger, Michaela and McRae, Jeremy F and
              Prigmore, Elena and Short, Patrick and Niemi, Mari and Kaplanis,
              Joanna and Radford, Elizabeth J and Akawi, Nadia and
              Balasubramanian, Meena and Dean, John and Horton, Rachel and
              Hulbert, Alice and Johnson, Diana S and Johnson, Katie and Kumar,
              Dhavendra and Lynch, Sally Ann and Mehta, Sarju G and Morton,
              Jenny and Parker, Michael J and Splitt, Miranda and Turnpenny,
              Peter D and Vasudevan, Pradeep C and Wright, Michael and Bassett,
              Andrew and Gerety, Sebastian S and Wright, Caroline F and
              FitzPatrick, David R and Firth, Helen V and Hurles, Matthew E and
              Barrett, Jeffrey C and {Deciphering Developmental Disorders
              Study}",
  journal  = "Science",
  volume   =  362,
  number   =  6419,
  pages    = "1161--1164",
  month    =  dec,
  year     =  2018,
  language = "en",
  issn     = "0036-8075, 1095-9203",
  pmid     = "30409806",
  doi      = "10.1126/science.aar6731",
  pmc      = "PMC6726470"
}

@ARTICLE{Gruhn2019-al,
  title    = "Chromosome errors in human eggs shape natural fertility over
              reproductive life span",
  author   = "Gruhn, Jennifer R and Zielinska, Agata P and Shukla, Vallari and
              Blanshard, Robert and Capalbo, Antonio and Cimadomo, Danilo and
              Nikiforov, Dmitry and Chan, Andrew Chi-Ho and Newnham, Louise J
              and Vogel, Ivan and Scarica, Catello and Krapchev, Marta and
              Taylor, Deborah and Kristensen, Stine Gry and Cheng, Junping and
              Ernst, Erik and Bj{\o}rn, Anne-Mette Bay and Colmorn, Lotte
              Berdiin and Blayney, Martyn and Elder, Kay and Liss, Joanna and
              Hartshorne, Geraldine and Gr{\o}ndahl, Marie Louise and Rienzi,
              Laura and Ubaldi, Filippo and McCoy, Rajiv and Lukaszuk,
              Krzysztof and Andersen, Claus Yding and Schuh, Melina and
              Hoffmann, Eva R",
  journal  = "Science",
  volume   =  365,
  number   =  6460,
  pages    = "1466--1469",
  month    =  sep,
  year     =  2019,
  language = "en",
  issn     = "0036-8075, 1095-9203",
  pmid     = "31604276",
  doi      = "10.1126/science.aav7321",
  pmc      = "PMC7212007"
}

@ARTICLE{Tabula_Sapiens_Consortium2022-tp,
  title    = "The Tabula Sapiens: A multiple-organ, single-cell transcriptomic
              atlas of humans",
  author   = "{Tabula Sapiens Consortium*} and Jones, Robert C and Karkanias,
              Jim and Krasnow, Mark A and Pisco, Angela Oliveira and Quake,
              Stephen R and Salzman, Julia and Yosef, Nir and Bulthaup, Bryan
              and Brown, Phillip and Harper, William and Hemenez, Marisa and
              Ponnusamy, Ravikumar and Salehi, Ahmad and Sanagavarapu, Bhavani
              A and Spallino, Eileen and Aaron, Ksenia A and Concepcion, Waldo
              and Gardner, James M and Kelly, Burnett and Neidlinger, Nikole
              and Wang, Zifa and Crasta, Sheela and Kolluru, Saroja and Morri,
              Maurizio and Pisco, Angela Oliveira and Tan, Serena Y and
              Travaglini, Kyle J and Xu, Chenling and
              Alc{\'a}ntara-Hern{\'a}ndez, Marcela and Almanzar, Nicole and
              Antony, Jane and Beyersdorf, Benjamin and Burhan, Deviana and
              Calcuttawala, Kruti and Carter, Matthew M and Chan, Charles K F
              and Chang, Charles A and Chang, Stephen and Colville, Alex and
              Crasta, Sheela and Culver, Rebecca N and Cvijovi{\'c}, Ivana and
              D'Amato, Gaetano and Ezran, Camille and Galdos, Francisco X and
              Gillich, Astrid and Goodyer, William R and Hang, Yan and Hayashi,
              Alyssa and Houshdaran, Sahar and Huang, Xianxi and Irwin, Juan C
              and Jang, Sori and Juanico, Julia Vallve and Kershner, Aaron M
              and Kim, Soochi and Kiss, Bernhard and Kolluru, Saroja and Kong,
              William and Kumar, Maya E and Kuo, Angera H and Leylek, Rebecca
              and Li, Baoxiang and Loeb, Gabriel B and Lu, Wan-Jin and Mantri,
              Sruthi and Markovic, Maxim and McAlpine, Patrick L and de Morree,
              Antoine and Morri, Maurizio and Mrouj, Karim and Mukherjee,
              Shravani and Muser, Tyler and Neuh{\"o}fer, Patrick and Nguyen,
              Thi D and Perez, Kimberly and Phansalkar, Ragini and Pisco,
              Angela Oliveira and Puluca, Nazan and Qi, Zhen and Rao, Poorvi
              and Raquer-McKay, Hayley and Schaum, Nicholas and Scott, Bronwyn
              and Seddighzadeh, Bobak and Segal, Joe and Sen, Sushmita and
              Sikandar, Shaheen and Spencer, Sean P and Steffes, Lea C and
              Subramaniam, Varun R and Swarup, Aditi and Swift, Michael and
              Travaglini, Kyle J and Van Treuren, Will and Trimm, Emily and
              Veizades, Stefan and Vijayakumar, Sivakamasundari and Vo, Kim Chi
              and Vorperian, Sevahn K and Wang, Wanxin and Weinstein, Hannah N
              W and Winkler, Juliane and Wu, Timothy T H and Xie, Jamie and
              Yung, Andrea R and Zhang, Yue and Detweiler, Angela M and
              Mekonen, Honey and Neff, Norma F and Sit, Rene V and Tan,
              Michelle and Yan, Jia and Bean, Gregory R and Charu, Vivek and
              Forg{\'o}, Erna and Martin, Brock A and Ozawa, Michael G and
              Silva, Oscar and Tan, Serena Y and Toland, Angus and Vemuri,
              Venkata N P and Afik, Shaked and Awayan, Kyle and Botvinnik, Olga
              Borisovna and Byrne, Ashley and Chen, Michelle and Dehghannasiri,
              Roozbeh and Detweiler, Angela M and Gayoso, Adam and Granados,
              Alejandro A and Li, Qiqing and Mahmoudabadi, Gita and McGeever,
              Aaron and de Morree, Antoine and Olivieri, Julia Eve and Park,
              Madeline and Pisco, Angela Oliveira and Ravikumar, Neha and
              Salzman, Julia and Stanley, Geoff and Swift, Michael and Tan,
              Michelle and Tan, Weilun and Tarashansky, Alexander J and
              Vanheusden, Rohan and Vorperian, Sevahn K and Wang, Peter and
              Wang, Sheng and Xing, Galen and Xu, Chenling and Yosef, Nir and
              Alc{\'a}ntara-Hern{\'a}ndez, Marcela and Antony, Jane and Chan,
              Charles K F and Chang, Charles A and Colville, Alex and Crasta,
              Sheela and Culver, Rebecca and Dethlefsen, Les and Ezran, Camille
              and Gillich, Astrid and Hang, Yan and Ho, Po-Yi and Irwin, Juan C
              and Jang, Sori and Kershner, Aaron M and Kong, William and Kumar,
              Maya E and Kuo, Angera H and Leylek, Rebecca and Liu, Shixuan and
              Loeb, Gabriel B and Lu, Wan-Jin and Maltzman, Jonathan S and
              Metzger, Ross J and de Morree, Antoine and Neuh{\"o}fer, Patrick
              and Perez, Kimberly and Phansalkar, Ragini and Qi, Zhen and Rao,
              Poorvi and Raquer-McKay, Hayley and Sasagawa, Koki and Scott,
              Bronwyn and Sinha, Rahul and Song, Hanbing and Spencer, Sean P
              and Swarup, Aditi and Swift, Michael and Travaglini, Kyle J and
              Trimm, Emily and Veizades, Stefan and Vijayakumar,
              Sivakamasundari and Wang, Bruce and Wang, Wanxin and Winkler,
              Juliane and Xie, Jamie and Yung, Andrea R and Artandi, Steven E
              and Beachy, Philip A and Clarke, Michael F and Giudice, Linda C
              and Huang, Franklin W and Huang, Kerwyn Casey and Idoyaga,
              Juliana and Kim, Seung K and Krasnow, Mark and Kuo, Christin S
              and Nguyen, Patricia and Quake, Stephen R and Rando, Thomas A and
              Red-Horse, Kristy and Reiter, Jeremy and Relman, David A and
              Sonnenburg, Justin L and Wang, Bruce and Wu, Albert and Wu, Sean
              M and Wyss-Coray, Tony",
  journal  = "Science",
  volume   =  376,
  number   =  6594,
  pages    = "eabl4896",
  month    =  may,
  year     =  2022,
  language = "en",
  issn     = "0036-8075, 1095-9203",
  pmid     = "35549404",
  doi      = "10.1126/science.abl4896",
  pmc      = "PMC9812260"
}

@ARTICLE{Hinch2023-zt,
  title    = "Meiotic {DNA} breaks drive multifaceted mutagenesis in the human
              germ line",
  author   = "Hinch, Robert and Donnelly, Peter and Hinch, Anjali Gupta",
  journal  = "Science",
  volume   =  382,
  number   =  6674,
  pages    = "eadh2531",
  month    =  dec,
  year     =  2023,
  language = "en",
  issn     = "0036-8075, 1095-9203",
  pmid     = "38033082",
  doi      = "10.1126/science.adh2531"
}

@ARTICLE{Knouse2017-it,
  title     = "Aneuploidy in Cancer: Seq-ing Answers to Old Questions",
  author    = "Knouse, Kristin A and Davoli, Teresa and Elledge, Stephen J and
               Amon, Angelika",
  journal   = "Annual Review of Cancer Biology",
  publisher = "Annual Reviews",
  volume    =  1,
  number    =  1,
  pages     = "335--354",
  month     =  mar,
  year      =  2017,
  issn      = "2472-3428",
  doi       = "10.1146/annurev-cancerbio-042616-072231"
}

@ARTICLE{Lynn2004-fg,
  title    = "Variation in human meiotic recombination",
  author   = "Lynn, Audrey and Ashley, Terry and Hassold, Terry",
  journal  = "Annual review of genomics and human genetics",
  volume   =  5,
  pages    = "317--349",
  year     =  2004,
  language = "en",
  issn     = "1527-8204",
  pmid     = "15485352",
  doi      = "10.1146/annurev.genom.4.070802.110217"
}

@ARTICLE{Cotterman1956-jg,
  title    = "Somatic mosaicism for antigen {A2}",
  author   = "Cotterman, C W",
  journal  = "Acta genetica et statistica medica",
  volume   =  6,
  number   =  4,
  pages    = "520--521",
  year     =  1956,
  language = "en",
  issn     = "0567-7440",
  pmid     = "13443814",
  doi      = "10.1159/000150891"
}

@ARTICLE{Griffiths2017-uh,
  title    = "Mosaic autosomal aneuploidies are detectable from single-cell
              {RNAseq} data",
  author   = "Griffiths, Jonathan A and Scialdone, Antonio and Marioni, John C",
  journal  = "BMC genomics",
  volume   =  18,
  number   =  1,
  pages    = "904",
  month    =  nov,
  year     =  2017,
  language = "en",
  issn     = "1471-2164",
  pmid     = "29178830",
  doi      = "10.1186/s12864-017-4253-x",
  pmc      = "PMC5702132"
}

@ARTICLE{Abdullaev2021-iz,
  title    = "Modelling segmental duplications in the human genome",
  author   = "Abdullaev, Eldar T and Umarova, Iren R and Arndt, Peter F",
  journal  = "BMC genomics",
  volume   =  22,
  number   =  1,
  pages    = "496",
  month    =  jul,
  year     =  2021,
  language = "en",
  issn     = "1471-2164",
  pmid     = "34215180",
  doi      = "10.1186/s12864-021-07789-7",
  pmc      = "PMC8254307"
}

@ARTICLE{Id-Lahoucine2023-ee,
  title    = "Unravelling transmission ratio distortion across the bovine
              genome: identification of candidate regions for reproduction
              defects",
  author   = "Id-Lahoucine, Samir and Casellas, Joaquim and Su{\'a}rez-Vega,
              Aroa and Fonseca, Pablo A S and Schenkel, Flavio S and
              Sargolzaei, Mehdi and C{\'a}novas, Angela",
  journal  = "BMC genomics",
  volume   =  24,
  number   =  1,
  pages    = "383",
  month    =  jul,
  year     =  2023,
  language = "en",
  issn     = "1471-2164",
  pmid     = "37422635",
  doi      = "10.1186/s12864-023-09455-6",
  pmc      = "PMC10329377"
}

@ARTICLE{Escriba2019-cw,
  title    = "Segmental aneuploidy in human blastocysts: a qualitative and
              quantitative overview",
  author   = "Escrib{\`a}, Mar{\'\i}a-Jos{\'e} and Vendrell, Xavier and
              Peinado, Vanessa",
  journal  = "Reproductive biology and endocrinology: RB\&E",
  volume   =  17,
  number   =  1,
  pages    = "76",
  month    =  sep,
  year     =  2019,
  language = "en",
  issn     = "1477-7827",
  pmid     = "31526391",
  doi      = "10.1186/s12958-019-0515-6",
  pmc      = "PMC6745804"
}

@ARTICLE{Halvaei2020-io,
  title    = "Advanced paternal age: effects on sperm parameters, assisted
              reproduction outcomes and offspring health",
  author   = "Halvaei, Iman and Litzky, Julia and Esfandiari, Navid",
  journal  = "Reproductive biology and endocrinology: RB\&E",
  volume   =  18,
  number   =  1,
  pages    = "110",
  month    =  nov,
  year     =  2020,
  language = "en",
  issn     = "1477-7827",
  pmid     = "33183337",
  doi      = "10.1186/s12958-020-00668-y",
  pmc      = "PMC7664076"
}

@ARTICLE{Samara2022-jg,
  title    = "New insights regarding origin of monosomy occurrence in early
              developing embryos as demonstrated in preimplantation genetic
              testing",
  author   = "Samara, N and Peleg, S and Frumkin, T and Gold, V and Amir, H and
              Haikin Herzberger, Einat and Reches, A and Kalma, Y and Ben
              Yosef, Dalit and Azem, F and Malcov, M",
  journal  = "Molecular cytogenetics",
  volume   =  15,
  number   =  1,
  pages    = "11",
  month    =  mar,
  year     =  2022,
  language = "en",
  issn     = "1755-8166",
  pmid     = "35313946",
  doi      = "10.1186/s13039-022-00582-5",
  pmc      = "PMC8935781"
}

@ARTICLE{Jones2020-vc,
  title    = "Inference of single-cell phylogenies from lineage tracing data
              using Cassiopeia",
  author   = "Jones, Matthew G and Khodaverdian, Alex and Quinn, Jeffrey J and
              Chan, Michelle M and Hussmann, Jeffrey A and Wang, Robert and Xu,
              Chenling and Weissman, Jonathan S and Yosef, Nir",
  journal  = "Genome biology",
  volume   =  21,
  number   =  1,
  pages    = "92",
  month    =  apr,
  year     =  2020,
  language = "en",
  issn     = "1465-6906",
  pmid     = "32290857",
  doi      = "10.1186/s13059-020-02000-8",
  pmc      = "PMC7155257"
}

@ARTICLE{Lin2021-pd,
  title    = "Incident disease associations with mosaic chromosomal alterations
              on autosomes, {X} and {Y} chromosomes: insights from a
              phenome-wide association study in the {UK} Biobank",
  author   = "Lin, Shu-Hong and Brown, Derek W and Rose, Brandon and Day, Felix
              and Lee, Olivia W and Khan, Sairah M and Hislop, Jada and
              Chanock, Stephen J and Perry, John R B and Machiela, Mitchell J",
  journal  = "Cell \& bioscience",
  volume   =  11,
  number   =  1,
  pages    = "143",
  month    =  jul,
  year     =  2021,
  language = "en",
  issn     = "2045-3701",
  pmid     = "34301302",
  doi      = "10.1186/s13578-021-00651-z",
  pmc      = "PMC8299574"
}

@ARTICLE{Shim2015-uu,
  title    = "Wavelet-based genetic association analysis of functional
              phenotypes arising from high-throughput sequencing assays",
  author   = "Shim, Heejung and Stephens, Matthew",
  journal  = "The annals of applied statistics",
  volume   =  9,
  number   =  2,
  pages    = "655--686",
  year     =  2015,
  language = "en",
  issn     = "1932-6157",
  pmid     = "29399242",
  doi      = "10.1214/14-AOAS776",
  pmc      = "PMC5795621"
}

@ARTICLE{Jarvis2016-fl,
  title    = "Early embryo mortality in natural human reproduction: What the
              data say",
  author   = "Jarvis, Gavin E",
  journal  = "F1000Research",
  volume   =  5,
  pages    = "2765",
  month    =  nov,
  year     =  2016,
  language = "en",
  issn     = "2046-1402",
  pmid     = "28580126",
  doi      = "10.12688/f1000research.8937.2",
  pmc      = "PMC5443340"
}

@ARTICLE{Sunshine2015-xs,
  title    = "The fitness consequences of aneuploidy are driven by
              condition-dependent gene effects",
  author   = "Sunshine, Anna B and Payen, Celia and Ong, Giang T and Liachko,
              Ivan and Tan, Kean Ming and Dunham, Maitreya J",
  journal  = "PLoS biology",
  volume   =  13,
  number   =  5,
  pages    = "e1002155",
  month    =  may,
  year     =  2015,
  language = "en",
  issn     = "1544-9173, 1545-7885",
  pmid     = "26011532",
  doi      = "10.1371/journal.pbio.1002155",
  pmc      = "PMC4444335"
}

@ARTICLE{Hurst2022-mj,
  title    = "Selfish centromeres and the wastefulness of human reproduction",
  author   = "Hurst, Laurence D",
  journal  = "PLoS biology",
  volume   =  20,
  number   =  7,
  pages    = "e3001671",
  month    =  jul,
  year     =  2022,
  language = "en",
  issn     = "1544-9173, 1545-7885",
  pmid     = "35788750",
  doi      = "10.1371/journal.pbio.3001671",
  pmc      = "PMC9255743"
}

@ARTICLE{Singh2023-kg,
  title    = "A new human embryonic cell type associated with activity of young
              transposable elements allows definition of the inner cell mass",
  author   = "Singh, Manvendra and Kondrashkina, Aleksandra M and Widmann,
              Thomas J and Cortes, Jose L and Bansal, Vikas and Wang, Jichang
              and R{\"o}mer, Christine and Garcia-Canadas, Marta and
              Garcia-Perez, Jose L and Hurst, Laurence D and Izsv{\'a}k,
              Zsuzsanna",
  journal  = "PLoS biology",
  volume   =  21,
  number   =  6,
  pages    = "e3002162",
  month    =  jun,
  year     =  2023,
  language = "en",
  issn     = "1544-9173, 1545-7885",
  pmid     = "37339119",
  doi      = "10.1371/journal.pbio.3002162",
  pmc      = "PMC10281584"
}

@ARTICLE{Veyrieras2008-ib,
  title    = "High-resolution mapping of {expression-QTLs} yields insight into
              human gene regulation",
  author   = "Veyrieras, Jean-Baptiste and Kudaravalli, Sridhar and Kim, Su
              Yeon and Dermitzakis, Emmanouil T and Gilad, Yoav and Stephens,
              Matthew and Pritchard, Jonathan K",
  journal  = "PLoS genetics",
  volume   =  4,
  number   =  10,
  pages    = "e1000214",
  month    =  oct,
  year     =  2008,
  language = "en",
  issn     = "1553-7390, 1553-7404",
  pmid     = "18846210",
  doi      = "10.1371/journal.pgen.1000214",
  pmc      = "PMC2556086"
}

@ARTICLE{Stenberg2009-lc,
  title    = "Buffering of segmental and chromosomal aneuploidies in Drosophila
              melanogaster",
  author   = "Stenberg, Per and Lundberg, Lina E and Johansson, Anna-Mia and
              Ryd{\'e}n, Patrik and Svensson, Malin J and Larsson, Jan",
  journal  = "PLoS genetics",
  volume   =  5,
  number   =  5,
  pages    = "e1000465",
  month    =  may,
  year     =  2009,
  language = "en",
  issn     = "1553-7390, 1553-7404",
  pmid     = "19412336",
  doi      = "10.1371/journal.pgen.1000465",
  pmc      = "PMC2668767"
}

@ARTICLE{Giambartolomei2014-es,
  title    = "Bayesian test for colocalisation between pairs of genetic
              association studies using summary statistics",
  author   = "Giambartolomei, Claudia and Vukcevic, Damjan and Schadt, Eric E
              and Franke, Lude and Hingorani, Aroon D and Wallace, Chris and
              Plagnol, Vincent",
  journal  = "PLoS genetics",
  volume   =  10,
  number   =  5,
  pages    = "e1004383",
  month    =  may,
  year     =  2014,
  language = "en",
  issn     = "1553-7390, 1553-7404",
  pmid     = "24830394",
  doi      = "10.1371/journal.pgen.1004383",
  pmc      = "PMC4022491"
}

@ARTICLE{McCoy2015-eo,
  title    = "Evidence of Selection against Complex {Mitotic-Origin} Aneuploidy
              during Preimplantation Development",
  author   = "McCoy, Rajiv C and Demko, Zachary P and Ryan, Allison and
              Banjevic, Milena and Hill, Matthew and Sigurjonsson, Styrmir and
              Rabinowitz, Matthew and Petrov, Dmitri A",
  journal  = "PLoS genetics",
  volume   =  11,
  number   =  10,
  pages    = "e1005601",
  month    =  oct,
  year     =  2015,
  language = "en",
  issn     = "1553-7390, 1553-7404",
  pmid     = "26491874",
  doi      = "10.1371/journal.pgen.1005601",
  pmc      = "PMC4619652"
}

@ARTICLE{Amorim2017-xb,
  title    = "The population genetics of human disease: The case of recessive,
              lethal mutations",
  author   = "Amorim, Carlos Eduardo G and Gao, Ziyue and Baker, Zachary and
              Diesel, Jos{\'e} Francisco and Simons, Yuval B and Haque, Imran S
              and Pickrell, Joseph and Przeworski, Molly",
  journal  = "PLoS genetics",
  volume   =  13,
  number   =  9,
  pages    = "e1006915",
  month    =  sep,
  year     =  2017,
  language = "en",
  issn     = "1553-7390, 1553-7404",
  pmid     = "28957316",
  doi      = "10.1371/journal.pgen.1006915",
  pmc      = "PMC5619689"
}

@ARTICLE{Caballero2019-it,
  title    = "Crossover interference and sex-specific genetic maps shape
              identical by descent sharing in close relatives",
  author   = "Caballero, Madison and Seidman, Daniel N and Qiao, Ying and
              Sannerud, Jens and Dyer, Thomas D and Lehman, Donna M and Curran,
              Joanne E and Duggirala, Ravindranath and Blangero, John and
              Carmi, Shai and Williams, Amy L",
  journal  = "PLoS genetics",
  volume   =  15,
  number   =  12,
  pages    = "e1007979",
  month    =  dec,
  year     =  2019,
  language = "en",
  issn     = "1553-7390, 1553-7404",
  pmid     = "31860654",
  doi      = "10.1371/journal.pgen.1007979",
  pmc      = "PMC6944377"
}

@ARTICLE{Dahl2019-hw,
  title    = "Reverse {GWAS}: Using genetics to identify and model phenotypic
              subtypes",
  author   = "Dahl, Andy and Cai, Na and Ko, Arthur and Laakso, Markku and
              Pajukanta, P{\"a}ivi and Flint, Jonathan and Zaitlen, Noah",
  journal  = "PLoS genetics",
  volume   =  15,
  number   =  4,
  pages    = "e1008009",
  month    =  apr,
  year     =  2019,
  language = "en",
  issn     = "1553-7390, 1553-7404",
  pmid     = "30951530",
  doi      = "10.1371/journal.pgen.1008009",
  pmc      = "PMC6469799"
}

@ARTICLE{Vegesna2019-nm,
  title    = "Dosage regulation, and variation in gene expression and copy
              number of human {Y} chromosome ampliconic genes",
  author   = "Vegesna, Rahulsimham and Tomaszkiewicz, Marta and Medvedev, Paul
              and Makova, Kateryna D",
  journal  = "PLoS genetics",
  volume   =  15,
  number   =  9,
  pages    = "e1008369",
  month    =  sep,
  year     =  2019,
  language = "en",
  issn     = "1553-7390, 1553-7404",
  pmid     = "31525193",
  doi      = "10.1371/journal.pgen.1008369",
  pmc      = "PMC6772104"
}

@ARTICLE{Mandrioli2020-aq,
  title    = "Holocentric chromosomes",
  author   = "Mandrioli, Mauro and Manicardi, Gian Carlo",
  journal  = "PLoS genetics",
  volume   =  16,
  number   =  7,
  pages    = "e1008918",
  month    =  jul,
  year     =  2020,
  language = "en",
  issn     = "1553-7390, 1553-7404",
  pmid     = "32730246",
  doi      = "10.1371/journal.pgen.1008918",
  pmc      = "PMC7392213"
}

@ARTICLE{Gruhn2013-fw,
  title    = "Cytological studies of human meiosis: sex-specific differences in
              recombination originate at, or prior to, establishment of
              double-strand breaks",
  author   = "Gruhn, Jennifer R and Rubio, Carmen and Broman, Karl W and Hunt,
              Patricia A and Hassold, Terry",
  journal  = "PloS one",
  volume   =  8,
  number   =  12,
  pages    = "e85075",
  month    =  dec,
  year     =  2013,
  language = "en",
  issn     = "1932-6203",
  pmid     = "24376867",
  doi      = "10.1371/journal.pone.0085075",
  pmc      = "PMC3869931"
}

@ARTICLE{Hintzen2022-op,
  title    = "The impact of monosomies, trisomies and segmental aneuploidies on
              chromosomal stability",
  author   = "Hintzen, Dorine C and Soto, Mar and Schubert, Michael and Bakker,
              Bjorn and Spierings, Diana C J and Szuhai, Karoly and Lansdorp,
              Peter M and Kluin, Roel J C and Foijer, Floris and Medema,
              Ren{\'e} H and Raaijmakers, Jonne A",
  journal  = "PloS one",
  volume   =  17,
  number   =  7,
  pages    = "e0268579",
  month    =  jul,
  year     =  2022,
  language = "en",
  issn     = "1932-6203",
  pmid     = "35776704",
  doi      = "10.1371/journal.pone.0268579",
  pmc      = "PMC9249180"
}

@ARTICLE{Dumont2020-pm,
  title    = "Human chromosome-specific aneuploidy is influenced by
              {DNA-dependent} centromeric features",
  author   = "Dumont, Marie and Gamba, Riccardo and Gestraud, Pierre and
              Klaasen, Sjoerd and Worrall, Joseph T and De Vries, Sippe G and
              Boudreau, Vincent and Salinas-Luypaert, Catalina and Maddox, Paul
              S and Lens, Susanne Ma and Kops, Geert Jpl and McClelland, Sarah
              E and Miga, Karen H and Fachinetti, Daniele",
  journal  = "The EMBO journal",
  volume   =  39,
  number   =  2,
  pages    = "e102924",
  month    =  jan,
  year     =  2020,
  language = "en",
  issn     = "0261-4189, 1460-2075",
  pmid     = "31750958",
  doi      = "10.15252/embj.2019102924",
  pmc      = "PMC6960447"
}

@ARTICLE{Desai2007-jt,
  title    = "Evolution can favor antagonistic epistasis",
  author   = "Desai, Michael M and Weissman, Daniel and Feldman, Marcus W",
  journal  = "Genetics",
  volume   =  177,
  number   =  2,
  pages    = "1001--1010",
  month    =  oct,
  year     =  2007,
  language = "en",
  issn     = "0016-6731",
  pmid     = "17720923",
  doi      = "10.1534/genetics.107.075812",
  pmc      = "PMC2034608"
}

@ARTICLE{Leppala2013-ms,
  title    = "Investigating incipient speciation in Arabidopsis lyrata from
              patterns of transmission ratio distortion",
  author   = "Lepp{\"a}l{\"a}, Johanna and Bokma, Folmer and Savolainen, Outi",
  journal  = "Genetics",
  volume   =  194,
  number   =  3,
  pages    = "697--708",
  month    =  jul,
  year     =  2013,
  language = "en",
  issn     = "0016-6731, 1943-2631",
  pmid     = "23666938",
  doi      = "10.1534/genetics.113.152561",
  pmc      = "PMC3697974"
}

@ARTICLE{Gao2015-ua,
  title    = "An estimate of the average number of recessive lethal mutations
              carried by humans",
  author   = "Gao, Ziyue and Waggoner, Darrel and Stephens, Matthew and Ober,
              Carole and Przeworski, Molly",
  journal  = "Genetics",
  volume   =  199,
  number   =  4,
  pages    = "1243--1254",
  month    =  apr,
  year     =  2015,
  language = "en",
  issn     = "0016-6731, 1943-2631",
  pmid     = "25697177",
  doi      = "10.1534/genetics.114.173351",
  pmc      = "PMC4391560"
}

@ARTICLE{Lucotte2018-pv,
  title    = "Dynamic Copy Number Evolution of {X-} and {Y-Linked} Ampliconic
              Genes in Human Populations",
  author   = "Lucotte, Elise A and Skov, Laurits and Jensen, Jacob Malte and
              Maci{\`a}, Mois{\`e}s Coll and Munch, Kasper and Schierup, Mikkel
              H",
  journal  = "Genetics",
  volume   =  209,
  number   =  3,
  pages    = "907--920",
  month    =  jul,
  year     =  2018,
  language = "en",
  issn     = "0016-6731, 1943-2631",
  pmid     = "29769284",
  doi      = "10.1534/genetics.118.300826",
  pmc      = "PMC6028258"
}

@ARTICLE{Veller2020-th,
  title    = "Variation in Genetic Relatedness Is Determined by the Aggregate
              Recombination Process",
  author   = "Veller, Carl and Edelman, Nathaniel B and Muralidhar, Pavitra and
              Nowak, Martin A",
  journal  = "Genetics",
  volume   =  216,
  number   =  4,
  pages    = "985--994",
  month    =  dec,
  year     =  2020,
  language = "en",
  issn     = "0016-6731, 1943-2631",
  pmid     = "33109528",
  doi      = "10.1534/genetics.120.303680",
  pmc      = "PMC7768252"
}

@ARTICLE{Cano-Gamez2020-df,
  title    = "From {GWAS} to Function: Using Functional Genomics to Identify
              the Mechanisms Underlying Complex Diseases",
  author   = "Cano-Gamez, Eddie and Trynka, Gosia",
  journal  = "Frontiers in genetics",
  volume   =  11,
  pages    = "424",
  month    =  may,
  year     =  2020,
  language = "en",
  issn     = "1664-8021",
  pmid     = "32477401",
  doi      = "10.3389/fgene.2020.00424",
  pmc      = "PMC7237642"
}

@ARTICLE{Vincenten2015-vp,
  title    = "The kinetochore prevents centromere-proximal crossover
              recombination during meiosis",
  author   = "Vincenten, Nadine and Kuhl, Lisa-Marie and Lam, Isabel and Oke,
              Ashwini and Kerr, Alastair Rw and Hochwagen, Andreas and Fung,
              Jennifer and Keeney, Scott and Vader, Gerben and Marston,
              Ad{\`e}le L",
  journal  = "eLife",
  volume   =  4,
  month    =  dec,
  year     =  2015,
  language = "en",
  issn     = "2050-084X",
  pmid     = "26653857",
  doi      = "10.7554/eLife.10850",
  pmc      = "PMC4749563"
}

@ARTICLE{Ji2021-uw,
  title    = "Cell competition removes segmental aneuploid cells from
              Drosophila imaginal disc-derived tissues based on ribosomal
              protein gene dose",
  author   = "Ji, Zhejun and Chuen, Jacky and Kiparaki, Marianthi and Baker,
              Nicholas",
  journal  = "eLife",
  volume   =  10,
  month    =  apr,
  year     =  2021,
  language = "en",
  issn     = "2050-084X",
  pmid     = "33847264",
  doi      = "10.7554/eLife.61172",
  pmc      = "PMC8043752"
}

@ARTICLE{Carioscia2022-yx,
  title    = "A method for low-coverage single-gamete sequence analysis
              demonstrates adherence to Mendel's first law across a large
              sample of human sperm",
  author   = "Carioscia, Sara A and Weaver, Kathryn J and Bortvin, Andrew N and
              Pan, Hao and Ariad, Daniel and Bell, Avery Davis and McCoy, Rajiv
              C",
  journal  = "eLife",
  volume   =  11,
  month    =  dec,
  year     =  2022,
  language = "en",
  issn     = "2050-084X",
  pmid     = "36475543",
  doi      = "10.7554/eLife.76383",
  pmc      = "PMC9844984"
}

@ARTICLE{Sharma2019-hz,
  title     = "Meiotic kinetochores fragment into multiple lobes upon cohesin
               loss in aging eggs",
  author    = "Sharma, N and Frombach, A S and Seres, K B and Gruhn, J R and
               {others}",
  journal   = "Current biology: CB",
  publisher = "cell.com",
  year      =  2019,
  issn      = "0960-9822"
}

@BOOK{Jain2023-qs,
  title     = "Assisted Reproductive Technology ({ART}) Techniques",
  author    = "Jain, Meaghan and Singh, Manvinder",
  publisher = "StatPearls Publishing",
  month     =  jun,
  year      =  2023
}
